{"200970": ["sealord sensations tuna sweet thai chilli", "Package type Tear tab can. Volume size 95g. Cup price $2.53 / 100g.", "$2.40 each."], "200967": ["sealord sensations tuna tomato & basil", "Package type Tear tab can. Volume size 95g. Cup price $2.53 / 100g.", "$2.40 each."], "638350": ["trident instant noodles cup pho chicken rice noodles", "Volume size 50g. Cup price $5.40 / 100g.", "$2.70 each."], "200966": ["sealord sensations tuna lemon pepper", "Package type Tear tab can. Volume size 95g. Cup price $2.53 / 100g.", "$2.40 each."], "651506": ["ottogi asian spicy jin instant noodles", "Package type Cup. Volume size 65g. Cup price $3.08 / 100g.", "$2.00 each."], "641532": ["arnotts shapes sensations crackers multipack variety 375g", "Volume size 15pack. Cup price $1.79 / 100g.", "$6.70 each."], "651532": ["ottogi asian mild jin instant noodles", "Package type Cup. Volume size 65g. Cup price $3.08 / 100g.", "$2.00 each."], "451141": ["sealord sensations tuna chilli & lime", "Package type Tear tab can. Volume size 95g. Cup price $2.53 / 100g.", "$2.40 each."], "830008": ["nice & natural nut bars roasted peanut & cashew", "Package type 6pk. Volume size 192g. Cup price $1.25 / 100g.", "$2.40 each."], "358075": ["indomie instant noodles cup mi goreng", "Volume size 75g. Cup price $3.33 / 100g.", "$2.50 each."], "364842": ["tasti mega nuts nut bars double choc", "Package type 6pk. Volume size 240g. Cup price $2.04 / 100g.", "$4.90 each."], "358078": ["indomie instant noodles cup bbq chicken mi goreng", "Volume size 75g. Cup price $3.33 / 100g.", "$2.50 each."], "332066": ["nice & natural nut bars yoghurt", "Package type 6pk. Volume size 192g. Cup price $1.25 / 100g.", "$2.40 each."], "96329": ["snacka changi chips bbq", "Volume size 150g. Cup price $3.07 / 100g.", "$4.60 each."], "364858": ["tasti nut bars choc almond", "Package type 6pk. Volume size 210g. Cup price $2.38 / 100g.", "$5.00 each."], "90357": ["snacka changi chips salt & vinegar", "Volume size 150g. Cup price $3.07 / 100g.", "$4.60 each."], "268316": ["tasti oat bars choc brownie baked squares", "Package type 5pk. Volume size 150g. Cup price $2.33 / 100g.", "$3.50 each."], "797781": ["nice & natural nut bars mixed berry", "Package type 6pk. Volume size 192g. Cup price $1.25 / 100g.", "$2.40 each."], "721581": ["mother earth oaty slices oat bars chocolate chip", "Package type 6pk. Volume size 240g. Cup price $1.63 / 100g.", "$3.90 each."], "700019": ["maggi fusian instant noodles cup hot & spicy mi goreng", "Volume size 65g. Cup price $3.85 / 100g.", "$2.50 each."], "668740": ["nong shim instant noodles cup shin ramyun", "Volume size 68g. Cup price $3.68 / 100g.", "$2.50 each."], "371236": ["bluebird thick cut chips crispy bacon", "Volume size 150g. Cup price $2.00 / 100g.", "$3.00 each."], "700105": ["maggi fusian instant noodles cup soy & mild spice mi goreng", "Volume size 64g. Cup price $3.91 / 100g.", "$2.50 each."], "850544": ["mother earth better bars muesli bars raspberry", "Package type 6pk. Volume size 180g. Cup price $2.22 / 100g.", "$4.00 each."], "638351": ["trident instant noodles cup tom yum rice noodles", "Volume size 50g. Cup price $5.40 / 100g.", "$2.70 each."], "332068": ["nice & natural nut bars trail mix", "Package type 6pk. Volume size 192g. Cup price $1.25 / 100g.", "$2.40 each."], "224905": ["maggi super noodles instant noodles cup chicken", "Volume size 60g. Cup price $4.31 / 100g.", "$2.50 each."], "298494": ["griffins sensations chocolate biscuits mint treats", "Volume size 200g. Cup price $1.50 / 100g.", "$3.00 each."], "371052": ["sunrice quick cups microwave rice fragrant jasmine", "Package type 125g each cup. Volume size 2pack. Cup price $1.28 / 100g.", "$3.20 each."], "270827": ["griffins squiggles chocolate biscuits hokey pokey", "Volume size 215g. Cup price $2.19 / 100g.", "$4.70 each."], "297604": ["bluebird thin cut chips sour cream & chives", "Volume size 140g. Cup price $2.14 / 100g.", "$3.00 each."], "297605": ["bluebird thick cut chips ready salted", "Volume size 150g. Cup price $2.00 / 100g.", "$3.00 each."], "297516": ["bluebird originals chips sour cream & chives", "Volume size 150g. Cup price $2.00 / 100g.", "$3.00 each."], "218619": ["sealord sensations tuna sundried tomato & olive", "Package type Tear tab can. Volume size 95g. Cup price $2.53 / 100g.", "$2.40 each."], "120207": ["sanitarium so good oat milk no added sugar", "Package type Carton. Volume size 1L. Cup price $0.42 / 100mL.", "$4.20 each."], "166624": ["indomie instant noodles cup mi goreng hot & spicy", "Volume size 70g. Cup price $3.57 / 100g.", "$2.50 each."], "36066": ["arnotts tim tam chocolate biscuits original", "Volume size 200g. Cup price $1.50 / 100g.", "$3.00 each."], "334842": ["mother earth oaty slices oat bars raspberry & white choc", "Package type 6pk. Volume size 240g. Cup price $1.63 / 100g.", "$3.90 each."], "297517": ["bluebird originals chips chicken", "Volume size 150g. Cup price $2.00 / 100g.", "$3.00 each."], "297514": ["bluebird originals chips green onion", "Volume size 150g. Cup price $2.00 / 100g.", "$3.00 each."], "32710": ["griffins chocolate biscuits fingers", "Volume size 180g. Cup price $2.00 / 100g.", "$3.60 each."], "742570": ["sealord tuna chunk style in spring water", "Package type Tear tab can. Volume size 95g. Cup price $2.53 / 100g.", "$2.40 each."], "850543": ["mother earth better bars muesli bars choc berry", "Package type 6pk. Volume size 180g. Cup price $2.22 / 100g.", "$4.00 each."], "334390": ["griffins gingernuts ginger biscuits original", "Volume size 250g. Cup price $1.44 / 100g.", "$3.60 each."], "215455": ["macro organic soy milk", "Package type Carton. Volume size 1L. Cup price $3.00 / 1L.", "$3.00 each."], "297512": ["bluebird originals chips salt & vinegar", "Volume size 150g. Cup price $2.00 / 100g.", "$3.00 each."], "47261": ["griffins cookie bear biscuits 100s & 1000s", "Package type Pkt. Volume size 200g. Cup price $1.80 / 100g.", "$3.60 each."], "700599": ["mother earth oaty slices oat bars afghan", "Package type 6pk. Volume size 240g. Cup price $1.63 / 100g.", "$3.90 each."], "725516": ["tasti nut bars deluxe", "Package type 6pk. Volume size 210g. Cup price $2.38 / 100g.", "$5.00 each."], "789182": ["tasti nut bars dark choc cranberry", "Package type 6pk. Volume size 210g. Cup price $2.38 / 100g.", "$5.00 each."], "741695": ["tasti mega nuts nut bars peanut butter", "Package type 6pk. Volume size 240g. Cup price $2.04 / 100g.", "$4.90 each."], "271879": ["tasti oat bars choc chip", "Package type 5pk. Volume size 150g. Cup price $2.33 / 100g.", "$3.50 each."], "451170": ["sealord sensations tuna olive oil", "Package type Tear tab can. Volume size 95g. Cup price $2.53 / 100g.", "$2.40 each."], "32452": ["griffins chocolate biscuits jaffa thins", "Volume size 180g. Cup price $2.00 / 100g.", "$3.60 each."], "89972": ["arnotts tim tam chocolate biscuits classic dark choc", "Volume size 200g. Cup price $1.50 / 100g.", "$3.00 each."], "750836": ["tasti mega nuts nut bars nutty crunch", "Package type 6pk. Volume size 240g. Cup price $2.04 / 100g.", "$4.90 each."], "758271": ["dettol antibacterial liquid hand wash raspberry", "Package type Pump. Volume size 250mL. Cup price $1.52 / 100mL.", "$3.79 each."], "789796": ["mother earth oaty slices oat bars chocolate orange", "Package type 6pk. Volume size 240g. Cup price $1.63 / 100g.", "$3.90 each."], "364841": ["tasti mega nuts nut bars caramel", "Package type 6pk. Volume size 240g. Cup price $2.04 / 100g.", "$4.90 each."], "201355": ["sealord sensations tuna smoked flavour", "Package type Can. Volume size 185g. Cup price $2.00 / 100g.", "$3.70 each."], "12313": ["dilmah strong black tea bags extra strength", "Volume size 50pack.", "$4.70 each."], "200958": ["sealord sensations tuna smoked", "Package type Tear tab can. Volume size 95g. Cup price $2.53 / 100g.", "$2.40 each."], "267363": ["bell original black tea bags", "Volume size 60pack.", "$3.50 each."], "267370": ["bell original black tea bags", "Volume size 30pack.", "$2.80 each."], "34136": ["griffins chocolate biscuits thins", "Volume size 180g. Cup price $2.00 / 100g.", "$3.60 each."], "297601": ["bluebird thin cut chips chicken", "Volume size 140g. Cup price $2.14 / 100g.", "$3.00 each."], "656882": ["countdown white sugar", "Volume size 1.5kg. Cup price $0.21 / 100g.", "$3.10 each."], "671506": ["ace cleaning cloth wonder", "Volume size 2pack. Cup price $2.05 / 1ea.", "$4.10 each."], "642212": ["countdown brown sugar", "Volume size 500g. Cup price $0.38 / 100g.", "$1.90 each."], "63899": ["kleenex tissues facial", "Volume size 200pack. Cup price $1.50 / 100ss.", "$3.00 each."], "701668": ["macro organic soy milk light", "Package type Carton. Volume size 1L. Cup price $3.00 / 1L.", "$3.00 each."], "88991": ["countdown biscuits custard creams", "Volume size 140g. Cup price $0.86 / 100g.", "$1.20 each."], "97088": ["dettol antibacterial liquid hand wash lemon & lime", "Package type Pump. Volume size 250mL. Cup price $1.52 / 100mL.", "$3.79 each."], "827358": ["mother earth oaty slices oat bars salted caramel", "Package type 6pk. Volume size 240g. Cup price $1.63 / 100g.", "$3.90 each."], "861021": ["countdown mexican tortillas 460g", "Volume size 10pack. Cup price $0.72 / 100g.", "$3.30 each."], "95263": ["essentials cake mix vanilla", "Package type Packet. Volume size 340g. Cup price $0.68 / 100g.", "$2.30 each."], "772056": ["sun harvest cucumbers bread & butter", "Volume size 670g. Cup price $0.45 / 100g.", "$3.00 each."], "76897": ["countdown apricots halves in light syrup", "Package type Can. Volume size 415g. Cup price $0.48 / 100g.", "$2.00 each."], "265286": ["empire curry powder hot indian", "Volume size 100g. Cup price $0.45 / 10g.", "$4.50 each."], "266022": ["wattie's baked beans 420g", "Volume size 3pack. Cup price $0.48 / 100g.", "$6.00 each."], "186167": ["continental cup a soup instant soup tomato 80g", "Volume size 4pack. Cup price $3.75 / 100g.", "$3.00 each."], "630841": ["mayceys mints curiously strong", "Volume size 95g. Cup price $1.68 / 100g.", "$1.60 each."], "237591": ["pascall chocolates pineapple lumps", "Volume size 120g. Cup price $2.83 / 100g.", "$3.40 each."], "590234": ["countdown soft drink lemonade zero sugar", "Volume size 1.5L. Cup price $0.10 / 100mL.", "$1.50 each."], "77750": ["campbells real stock chicken stock liquid", "Package type Carton. Volume size 1L. Cup price $0.55 / 100mL.", "$5.50 each."], "293804": ["greggs coriander flakes", "Volume size 7g. Cup price $4.29 / 10g.", "$3.00 each."], "694751": ["essentials coconut milk", "Package type Can. Volume size 400mL. Cup price $0.38 / 100mL.", "$1.50 each."], "327603": ["red bull energy drink", "Package type Single can. Volume size 473mL. Cup price $0.85 / 100mL.", "$4.00 each."], "740030": ["countdown coconut fine desiccated", "Volume size 500g. Cup price $0.84 / 100g.", "$4.20 each."], "237532": ["sealord tuna & crackers original", "Package type (6 crackers). Volume size 106g. Cup price $2.45 / 100g.", "$2.60 each."], "577084": ["mother earth fruit sticks spinach banana berry", "Package type 8pk. Volume size 152g. Cup price $2.30 / 100g.", "$3.50 each."], "279296": ["wattie's pasta sauce garlic", "Volume size 420g. Cup price $0.71 / 100g.", "$3.00 each."], "198840": ["king soup mix pea and ham", "Package type Pkt. Volume size 210g. Cup price $1.67 / 100g.", "$3.50 each."], "266582": ["sanitarium skippy cereal cornflakes", "Package type Pack. Volume size 500g.", "$0.undefined each."], "505878": ["balnea hand wash antibacterial aloe", "Package type Pump. Volume size 250mL. Cup price $0.96 / 100mL.", "$2.40 each."], "265268": ["countdown self raising flour white", "Volume size 1.5kg. Cup price $1.93 / 1kg.", "$2.90 each."], "271896": ["sparkling duet soft drink lemonade", "Volume size 1.5L. Cup price $0.13 / 100mL.", "$2.00 each."], "32230": ["nong shim asian shin ramen noodles", "Volume size 120g. Cup price $1.67 / 100g.", "$2.00 each."], "838752": ["azure tissues large & thick 3 ply", "Package type Box. Volume size 95pack. Cup price $3.16 / 100ss.", "$3.00 each."], "27571": ["sunlight dishwash liquid lemon", "Volume size 500mL. Cup price $0.46 / 100mL.", "$2.30 each."], "669600": ["countdown tea bags black", "Volume size 25pack.", "$1.70 each."], "758286": ["dolmio extra pasta sauce bolognese", "Volume size 500g. Cup price $1.00 / 100g.", "$5.00 each."], "265384": ["maggi soup onion", "Package type Pkt. Volume size 32g. Cup price $5.31 / 100g.", "$1.70 each."], "62911": ["monster ultra energy drink paradise", "Package type Single can. Volume size 500mL. Cup price $0.74 / 100mL.", "$3.70 each."], "724892": ["palmolive foaming hand wash antibacterial lime & mint", "Package type Pump. Volume size 250mL. Cup price $1.92 / 100mL.", "$4.79 each."], "334839": ["mother earth fruit sticks blueberry", "Package type 8pk. Volume size 152g. Cup price $2.30 / 100g.", "$3.50 each."], "211973": ["the natural confectionery co jelly sweets snakes", "Volume size 230g. Cup price $1.52 / 100g.", "$3.50 each."], "824668": ["homegrown smoothie berry", "Volume size 400mL. Cup price $0.73 / 100mL.", "$2.90 each."], "668269": ["essentials toilet paper  4pk white", "Cup price $0.24 / 100ss.", "$1.70 each."], "280513": ["watties salsa chilli beans medium", "Volume size 420g. Cup price $0.83 / 100g.", "$3.50 each."], "746174": ["heartland chips salt & vinegar", "Volume size 150g. Cup price $1.93 / 100g.", "$2.90 each."], "265245": ["greggs ground paprika", "Package type Box. Volume size 40g. Cup price $0.75 / 10g.", "$3.00 each."], "543758": ["san remo pasta cannelloni", "Volume size 250g. Cup price $1.44 / 100g.", "$3.60 each."], "789403": ["eco serviettes lunch white 2ply", "Volume size 100pack. Cup price $0.04 / 1ea.", "$3.50 each."], "47682": ["countdown baked beans in tomato sauce", "Volume size 420g. Cup price $0.33 / 100g.", "$1.40 each."], "36035": ["arnotts crackers sesame wheat", "Package type Box. Volume size 250g. Cup price $1.72 / 100g.", "$4.30 each."], "265266": ["countdown plain flour", "Volume size 1.5kg. Cup price $1.60 / 1kg.", "$2.40 each."], "141304": ["palmolive dishwash liquid dry skin with aloe", "Volume size 500mL. Cup price $0.80 / 100mL.", "$4.00 each."], "265343": ["wattie's very special soup creamy pumpkin canned", "Volume size 535g. Cup price $0.56 / 100g.", "$3.00 each."], "150171": ["countdown stir fry sauce pad thai", "Package type Pouch. Volume size 150g. Cup price $1.33 / 100g.", "$2.00 each."], "356675": ["mtr indian palak paneer", "Volume size 300g. Cup price $1.27 / 100g.", "$3.80 each."], "709503": ["protex antibacterial bar soap fresh value pack", "Package type 90g bars. Volume size 3pack x 90g. Cup price $1.48 / 100g.", "$4.00 each."], "671295": ["ace scourer sponge", "Volume size 2pack. Cup price $1.70 / 1ea.", "$3.40 each."], "2370": ["sorbent facial tissues silky white", "Package type Box. Volume size 224pack. Cup price $1.69 / 100ss.", "$3.79 each."], "271487": ["raven dish brush radial", "Package type Each. Cup price $3.00 / 1ea.", "$3.00 each."], "271190": ["griffins biscuits vanilla wine", "Package type Pkt. Volume size 250g. Cup price $1.44 / 100g.", "$3.60 each."], "489992": ["countdown water still spring", "Volume size 1.5L. Cup price $0.07 / 100mL.", "$1.10 each."], "250481": ["harpic white & shine toilet cleaner bleach gel fresh", "Volume size 450mL. Cup price $1.16 / 100mL.", "$5.20 each."], "1475": ["kleenex tissues eucalyptus", "Package type Box. Volume size 140pack. Cup price $3.57 / 100ss.", "$5.00 each."], "513583": ["countdown chocolate drops milk", "Volume size 200g. Cup price $1.40 / 100g.", "$2.80 each."], "579719": ["maggi side dish potato bake cream cheese & garlic", "Volume size 24g. Cup price $8.13 / 100g.", "$1.95 each."], "263880": ["kiwi blue water still", "Volume size 1.5L. Cup price $0.08 / 100mL.", "$1.20 each."], "269638": ["fia fia coconut cream", "Package type Can. Volume size 400mL. Cup price $0.75 / 100mL.", "$3.00 each."], "266027": ["oak spaghetti in tomato sauce", "Volume size 420g. Cup price $0.35 / 100g.", "$1.50 each."], "770320": ["countdown diced tomatoes italian no added salt", "Package type Can. Volume size 400g. Cup price $0.35 / 100g.", "$1.40 each."], "198228": ["bluebird originals multipack chips chicken 108g", "Volume size 6pack. Cup price $3.70 / 100g.", "$4.00 each."], "596964": ["countdown milk standard uht", "Package type Carton. Volume size 1L. Cup price $0.22 / 100mL.", "$2.20 each."], "297603": ["bluebird thin cut chips ready salted", "Volume size 140g. Cup price $2.14 / 100g.", "$3.00 each."], "596967": ["countdown milk trim uht", "Package type Carton. Volume size 1L. Cup price $0.22 / 100mL.", "$2.20 each."], "87913": ["countdown mayonnaise chipotle", "Volume size 250mL. Cup price $1.68 / 100mL.", "$4.20 each."], "34282": ["campbell's soup cream of chicken canned", "Volume size 420g. Cup price $0.79 / 100g.", "$3.30 each."], "263343": ["mcvities digestives biscuits original", "Volume size 355g. Cup price $1.07 / 100g.", "$3.80 each."], "263993": ["countdown pears slices in juice", "Package type Can. Volume size 410g. Cup price $0.49 / 100g.", "$2.00 each."], "312759": ["huntley & palmers crackers sesameal original", "Volume size 200g. Cup price $2.15 / 100g.", "$4.30 each."], "128230": ["greggs cardamom powder", "Package type Box. Volume size 16g. Cup price $1.88 / 10g.", "$3.00 each."], "270117": ["pacific crown mackerel in tomato sauce", "Package type Can. Volume size 425g. Cup price $0.47 / 100g.", "$2.00 each."], "775663": ["griffins snax crackers original", "Volume size 135g. Cup price $1.48 / 100g.", "$2.00 each."], "589906": ["homeliving scourers scrub me beautiful", "Volume size 2pack. Cup price $2.00 / 1ea.", "$4.00 each."], "142839": ["continental cup a soup instant soup asian laksa 65g", "Volume size 2pack. Cup price $4.62 / 100g.", "$3.00 each."], "705699": ["v blue drink", "Package type Single can. Volume size 500mL. Cup price $0.76 / 100mL.", "$3.80 each."], "270829": ["bens original microwave rice mexican", "Package type Pouch. Volume size 250g. Cup price $1.40 / 100g.", "$3.50 each."], "82274": ["mother energy drink epic swell", "Package type Single can. Volume size 500mL. Cup price $0.60 / 100mL.", "$3.00 each."], "265264": ["countdown high grade flour", "Volume size 1.5kg. Cup price $1.93 / 1kg.", "$2.90 each."], "312728": ["huntley & palmers crackers somerset original", "Volume size 190g. Cup price $2.00 / 100g.", "$3.80 each."], "266937": ["pascall family pack marshmallows", "Volume size 180g. Cup price $1.89 / 100g.", "$3.40 each."], "270859": ["san remo pasta wide lasagne no. 45", "Volume size 250g. Cup price $1.00 / 100g.", "$2.50 each."], "267332": ["sun valley foods bread crumbs white", "Volume size 400g. Cup price $0.08 / 10g.", "$3.00 each."], "601342": ["countdown jasmine rice", "Volume size 1kg. Cup price $0.33 / 100g.", "$3.30 each."], "771216": ["macro organic lentils no added salt", "Package type Can. Volume size 425g. Cup price $0.52 / 100g.", "$2.20 each."], "451922": ["leggo's bolognese pasta sauce red wine tomato & herbs", "Volume size 500g. Cup price $0.68 / 100g.", "$3.40 each."], "44571": ["essentials pasta spaghetti", "Volume size 500g. Cup price $0.40 / 100g.", "$2.00 each."], "514494": ["countdown sparkling water spring", "Volume size 1.5L. Cup price $0.11 / 100mL.", "$1.70 each."], "35742": ["san remo pasta penne no. 18", "Volume size 500g. Cup price $0.68 / 100g.", "$3.40 each."], "304935": ["delmaine chickpeas", "Package type Can. Volume size 390g. Cup price $0.64 / 100g.", "$2.50 each."], "328544": ["watties chopped tomatoes in pur\u00e9e", "Package type Can. Volume size 400g. Cup price $0.50 / 100g.", "$2.00 each."], "521257": ["choice instant noodles multi pack chicken", "Package type 85g each. Volume size 5pack. Cup price $0.66 / 100g.", "$2.80 each."], "71422": ["real foods corn thins crispbread original", "Package type Bag. Volume size 150g. Cup price $1.67 / 100g.", "$2.50 each."], "271773": ["sparkling duet soft drink raspberry", "Volume size 1.5L. Cup price $0.13 / 100mL.", "$2.00 each."], "43821": ["maggi soup french onion", "Package type Pkt. Volume size 29g. Cup price $5.86 / 100g.", "$1.70 each."], "218924": ["countdown diced tomatoes basil garlic & onion", "Package type Can. Volume size 400g. Cup price $0.38 / 100g.", "$1.50 each."], "513584": ["countdown chocolate chips dark", "Volume size 200g. Cup price $1.40 / 100g.", "$2.80 each."], "4021": ["real foods corn thins crispbread multigrain", "Package type Bag. Volume size 150g. Cup price $1.67 / 100g.", "$2.50 each."], "262126": ["arnotts shapes fully loaded crackers wicked sweet chilli", "Volume size 130g. Cup price $2.92 / 100g.", "$3.80 each."], "819016": ["pascall mints imperial", "Volume size 150g. Cup price $2.27 / 100g.", "$3.40 each."], "259400": ["countdown lentils no added salt", "Package type Can. Volume size 420g. Cup price $0.40 / 100g.", "$1.70 each."], "13533": ["kings choice basmati rice white", "Package type Pkt. Volume size 1kg. Cup price $0.39 / 100g.", "$3.90 each."], "524430": ["countdown olives green stuffed", "Volume size 450g. Cup price $0.91 / 100g.", "$4.10 each."], "261282": ["ritz crackers original", "Volume size 227g. Cup price $1.54 / 100g.", "$3.50 each."], "265259": ["maggi soup for a cup instant soup rich tomato 78g", "Volume size 4pack. Cup price $3.72 / 100g.", "$2.90 each."], "271569": ["tilda steamed rice coconut lemongrass basmati", "Package type Pouch. Volume size 250g. Cup price $1.20 / 100g.", "$3.00 each."], "264512": ["powerade sports drink fever pitch", "Volume size 750mL. Cup price $0.53 / 100mL.", "$4.00 each."], "744490": ["sanitarium so good almond milk unsweetened", "Package type Carton. Volume size 1L. Cup price $5.00 / 1L.", "$5.00 each."], "700642": ["macro organic diced tomatoes italian no added salt", "Package type Can. Volume size 400g. Cup price $0.50 / 100g.", "$2.00 each."], "270715": ["watties tomatoes roast garlic & onion", "Package type Can. Volume size 400g. Cup price $0.73 / 100g.", "$2.90 each."], "238738": ["ritz cracker bites cheddar cheese", "Volume size 160g. Cup price $2.50 / 100g.", "$4.00 each."], "137761": ["bluebird originals chips chicken", "Volume size 45g. Cup price $4.00 / 100g.", "$1.80 each."], "273033": ["palmolive dishwash liquid lemon lime", "Volume size 500mL. Cup price $0.80 / 100mL.", "$4.00 each."], "317491": ["sorbent tissues pocket pack 4ply", "Volume size 6pack. Cup price $5.82 / 100ss.", "$3.49 each."], "271568": ["tilda steamed rice brown basmati", "Package type Pouch. Volume size 250g. Cup price $1.20 / 100g.", "$3.00 each."], "270760": ["watties corn cream style", "Package type Can. Volume size 410g. Cup price $0.73 / 100g.", "$3.00 each."], "257413": ["maggi instant gravy mix roast chicken", "Package type Sachet. Volume size 24g. Cup price $5.42 / 100g.", "$1.30 each."], "295614": ["watties tomatoes chopped in juice", "Package type Can. Volume size 400g. Cup price $0.50 / 100g.", "$2.00 each."], "265255": ["greggs ground ginger", "Package type Box. Volume size 30g. Cup price $1.00 / 10g.", "$3.00 each."], "311488": ["essentials diced tomatoes", "Package type Can. Volume size 400g. Cup price $0.33 / 100g.", "$1.30 each."], "148409": ["super pump water spring sipper top", "Volume size 1.25L. Cup price $0.28 / 100mL.", "$3.50 each."], "221403": ["tilda steamed rice masala", "Package type Pouch. Volume size 250g. Cup price $1.20 / 100g.", "$3.00 each."], "173636": ["mother earth oaty slices oat bars gingerbread & white chocolate", "Package type 6pk. Volume size 240g. Cup price $1.63 / 100g.", "$3.90 each."], "243373": ["real coco coconut water", "Volume size 1.25L. Cup price $0.32 / 100mL.", "$4.00 each."], "574419": ["countdown beetroot whole baby", "Package type Can. Volume size 450g.", "$0.undefined each."], "264515": ["powerade sports drink berry ice", "Volume size 750mL. Cup price $0.53 / 100mL.", "$4.00 each."], "417027": ["homegrown chilled juice lemon honey & ginger", "Package type Single bottle. Volume size 400mL. Cup price $0.73 / 100mL.", "$2.90 each."], "263992": ["countdown apricots halves in juice", "Package type Can. Volume size 410g. Cup price $0.49 / 100g.", "$2.00 each."], "200783": ["san remo la pasta pasta & sauce alfredo", "Package type Single snack. Volume size 80g. Cup price $1.63 / 100g.", "$1.30 each."], "263991": ["countdown peaches sliced in juice", "Package type Can. Volume size 410g. Cup price $0.49 / 100g.", "$2.00 each."], "197820": ["bluebird thin cut multipack chips ready salted 108g", "Volume size 6pack. Cup price $3.70 / 100g.", "$4.00 each."], "664671": ["delmaine olives pitted green", "Package type Jar. Volume size 450g. Cup price $1.38 / 100g.", "$6.20 each."], "325530": ["pumped water lime rush", "Volume size 750mL. Cup price $0.36 / 100mL.", "$2.70 each."], "271047": ["griffins chocolate biscuits wheaten milk", "Package type Pkt. Volume size 200g. Cup price $1.50 / 100g.", "$3.00 each."], "219675": ["sistema to go container ribbon lunch 1.1l", null, "$0.undefined each."], "176301": ["tasti nut butter bars salted caramel", "Package type 6pk. Volume size 210g. Cup price $2.38 / 100g.", "$5.00 each."], "265175": ["greggs rubbed oregano", "Package type Box. Volume size 10g. Cup price $3.00 / 10g.", "$3.00 each."], "269954": ["essentials peanut butter smooth", "Volume size 375g. Cup price $0.77 / 100g.", "$2.90 each."], "766239": ["watties red kidney beans in spring water", "Package type Can. Volume size 400g. Cup price $0.45 / 100g.", "$1.80 each."], "35007": ["essentials long grain rice", "Volume size 1kg. Cup price $0.22 / 100g.", "$2.20 each."], "168": ["tcc coconut milk premium", "Package type Can. Volume size 400mL. Cup price $0.65 / 100mL.", "$2.60 each."], "312806": ["griffins snax crackers original", "Volume size 250g. Cup price $1.48 / 100g.", "$3.70 each."], "28514": ["griffins coconut biscuits krispies", "Volume size 250g. Cup price $1.44 / 100g.", "$3.60 each."], "324624": ["sanitarium cereal ricies", "Volume size 275g. Cup price $1.38 / 100g.", "$3.80 each."], "153622": ["pump water NZ spring", "Package type Pump. Volume size 750mL. Cup price $0.36 / 100mL.", "$2.70 each."], "4485": ["watties spaghetti in tomato sauce", "Volume size 420g. Cup price $0.67 / 100g.", "$2.80 each."], "268818": ["glad snaplock plastic bags sandwich 170x180mm", "Volume size 25pack. Cup price $0.13 / 1ea.", "$3.19 each."], "815345": ["arnotts shapes crackers vegemite & cheese", "Volume size 165g. Cup price $2.30 / 100g.", "$3.80 each."], "273813": ["greggs jelly lemon", "Package type Box. Volume size 85g. Cup price $1.65 / 100g.", "$1.40 each."], "368776": ["countdown mustard dijon", "Volume size 200g. Cup price $0.18 / 10g.", "$3.50 each."], "270398": ["colmans mustard powder", "Volume size 57g. Cup price $7.02 / 100g.", "$4.00 each."], "265366": ["maggi soup cream of chicken", "Package type Pkt. Volume size 37g. Cup price $4.59 / 100g.", "$1.70 each."], "328540": ["watties tomatoes crushed & sieved", "Package type Can. Volume size 400g. Cup price $0.50 / 100g.", "$2.00 each."], "297515": ["bluebird originals potato chips ready salted", "Volume size 150g. Cup price $2.00 / 100g.", "$3.00 each."], "92213": ["countdown peaches slices in light syrup", "Package type Can. Volume size 415g. Cup price $0.43 / 100g.", "$1.80 each."], "32450": ["griffins chocolate biscuits chit chat", "Volume size 180g. Cup price $2.00 / 100g.", "$3.60 each."], "70126": ["griffins chocolate biscuits roughs", "Package type Pkt. Volume size 200g. Cup price $1.50 / 100g.", "$3.00 each."], "271736": ["l & p soft drink sweet as sugar free", "Volume size 1.5L. Cup price $0.30 / 100mL.", "$4.50 each."], "727664": ["diamond pasta spaghetti", "Volume size 500g. Cup price $0.60 / 100g.", "$3.00 each."], "172610": ["kleenex tissues large n thick 3ply", "Package type Box. Volume size 95pack. Cup price $5.26 / 100ss.", "$5.00 each."], "822269": ["countdown guava halves in light syrup", "Package type Can. Volume size 410g. Cup price $0.54 / 100g.", "$2.20 each."], "252068": ["sunrice microwave rice black rice", "Package type Pouch. Volume size 250g. Cup price $1.48 / 100g.", "$3.70 each."], "742575": ["sealord tuna chunk style in oil", "Package type Tear tab can. Volume size 95g. Cup price $2.53 / 100g.", "$2.40 each."], "315125": ["mother energy drink black", "Package type Can. Volume size 500mL. Cup price $0.60 / 100mL.", "$3.00 each."], "766264": ["watties chickpeas in spring water", "Package type Can. Volume size 400g. Cup price $0.45 / 100g.", "$1.80 each."], "569804": ["countdown diced tomatoes italian basil oregano", "Package type Can. Volume size 400g. Cup price $0.38 / 100g.", "$1.50 each."], "156724": ["sealord spreadables tuna spread original", "Package type Tear tab can. Volume size 90g. Cup price $2.67 / 100g.", "$2.40 each."], "780514": ["sun harvest pickled onions cocktail", "Volume size 400g. Cup price $0.95 / 100g.", "$3.80 each."], "218931": ["countdown peas garden", "Package type Can. Volume size 420g. Cup price $0.60 / 100g.", "$2.50 each."], "728007": ["diamond pasta penne", "Volume size 500g. Cup price $0.60 / 100g.", "$3.00 each."], "751987": ["pure NZ water spring", "Volume size 1.5L. Cup price $0.08 / 100mL.", "$1.20 each."], "265277": ["maggi soup for a cup instant soup chicken noodle 38g", "Volume size 4pack. Cup price $7.63 / 100g.", "$2.90 each."], "513585": ["countdown chocolate drops dark", "Volume size 200g. Cup price $1.40 / 100g.", "$2.80 each."], "265374": ["greggs ground chilli", "Volume size 40g. Cup price $0.75 / 10g.", "$3.00 each."], "266962": ["mayceys lollipops 210g", "Volume size 28pack. Cup price $1.67 / 100g.", "$3.50 each."], "266024": ["oak baked beans in tomato sauce", "Volume size 420g. Cup price $0.35 / 100g.", "$1.50 each."], "651497": ["ottogi asian snack instant noodles", "Package type Cup. Volume size 62g. Cup price $3.23 / 100g.", "$2.00 each."], "282466": ["countdown wholemeal flour", "Volume size 1.5kg. Cup price $1.93 / 1kg.", "$2.90 each."], "759560": ["protex mens antibacterial bar soap sport value pack", "Package type 90g bars. Volume size 3pack. Cup price $1.48 / 100g.", "$4.00 each."], "200962": ["sealord sensations tuna savoury onion", "Package type Tear tab can. Volume size 95g. Cup price $2.53 / 100g.", "$2.40 each."], "265270": ["wattie's condensed soup tomato canned", "Volume size 420g. Cup price $0.60 / 100g.", "$2.50 each."], "384244": ["arnotts shapes crackers cheddar", "Volume size 175g. Cup price $2.17 / 100g.", "$3.80 each."], "95459": ["twinings green tea jasmine", "Volume size 10pack.", "$2.00 each."], "150443": ["carnation evaporated milk creamy", "Package type Can. Volume size 340mL. Cup price $1.18 / 100mL.", "$4.00 each."], "642186": ["countdown raw sugar", "Volume size 1kg. Cup price $0.28 / 100g.", "$2.80 each."], "475125": ["countdown sweets snakes", "Volume size 220g. Cup price $1.14 / 100g.", "$2.50 each."], "94672": ["essentials serviettes plain white 1ply", "Volume size 100pack. Cup price $0.02 / 1ea.", "$2.20 each."], "270179": ["pacific crown mackerel in oil", "Package type Can. Volume size 425g. Cup price $0.47 / 100g.", "$2.00 each."], "360199": ["countdown fruit salad in light syrup", "Package type Can. Volume size 415g. Cup price $0.48 / 100g.", "$2.00 each."], "265293": ["maggi soup for a cup instant soup creamy chicken 54g", "Volume size 4pack. Cup price $5.37 / 100g.", "$2.90 each."], "266032": ["watties chilli beans mild", "Volume size 420g. Cup price $0.83 / 100g.", "$3.50 each."], "588212": ["countdown soft drink dry lemonade", "Volume size 1.5L. Cup price $0.11 / 100mL.", "$1.60 each."], "642211": ["countdown brown sugar", "Volume size 1kg. Cup price $0.28 / 100g.", "$2.80 each."], "668930": ["essentials toilet paper 12pk white 2ply", "Cup price $0.19 / 100ss.", "$4.00 each."], "312722": ["griffins meal mates crackers original", "Volume size 230g. Cup price $1.61 / 100g.", "$3.70 each."], "186170": ["continental cup a soup instant soup cream of mushroom 70g", "Volume size 4pack. Cup price $4.29 / 100g.", "$3.00 each."], "124312": ["monster ultra energy drink rosa", "Package type Single can. Volume size 500mL. Cup price $0.74 / 100mL.", "$3.70 each."], "186315": ["frut o ice pops fruit flavoured", "Package type 750ml. Volume size 10pack. Cup price $0.37 / 100mL.", "$2.79 each."], "901450": ["macro organic almond milk unsweetened", "Package type Carton. Volume size 1L. Cup price $4.00 / 1L.", "$4.00 each."], "48645": ["san remo la pasta pasta & sauce macaroni cheese", "Package type Single snack. Volume size 80g. Cup price $1.63 / 100g.", "$1.30 each."], "32969": ["kleenex extra care tissues aloe vera", "Package type Box. Volume size 140pack. Cup price $3.57 / 100ss.", "$5.00 each."], "513580": ["essentials choc buttons white", "Volume size 290g. Cup price $0.86 / 100g.", "$2.50 each."], "312185": ["countdown tomato sauce", "Package type Refill. Volume size 565g. Cup price $0.34 / 100g.", "$1.90 each."], "348023": ["werthers original sweets eclairs", "Volume size 100g. Cup price $4.00 / 100g.", "$4.00 each."], "253393": ["bell delights flavoured black tea bags apple pie", "Volume size 24pack.", "$3.80 each."], "177521": ["bens original microwave rice lightly flavoured coconut", "Package type Pouch. Volume size 250g. Cup price $1.40 / 100g.", "$3.50 each."], "701108": ["ecostore dishwash liquid grapefruit", "Volume size 500mL. Cup price $1.00 / 100mL.", "$5.00 each."], "251528": ["countdown french dressing fat free", "Volume size 300mL. Cup price $1.20 / 100mL.", "$3.60 each."], "819305": ["pascall jelly sweets fruit jubes", "Volume size 180g. Cup price $1.89 / 100g.", "$3.40 each."], "117833": ["arnotts tim tam chocolate biscuits chewy caramel", "Volume size 175g. Cup price $1.71 / 100g.", "$3.00 each."], "290303": ["mutti tomato paste double concentrate", "Package type Tube. Volume size 130g. Cup price $1.92 / 100g.", "$2.50 each."], "259402": ["countdown beans 5 mix no added salt", "Package type Can. Volume size 420g. Cup price $0.40 / 100g.", "$1.70 each."], "247605": ["mother earth oaty slices oat bars sticky date", "Package type 6pk. Volume size 240g. Cup price $1.63 / 100g.", "$3.90 each."], "568876": ["countdown pineapple pieces in natural juice", "Package type Can. Volume size 425g. Cup price $0.45 / 100g.", "$1.90 each."], "270415": ["highmark soy sauce golden", "Volume size 550mL. Cup price $0.65 / 100mL.", "$3.60 each."], "199349": ["bluebird burger rings corn snacks multipack 108g", "Volume size 6pack. Cup price $3.70 / 100g.", "$4.00 each."], "792105": ["NZ natural sparkling water raspberry & lemon", "Volume size 1L. Cup price $0.20 / 100mL.", "$2.00 each."], "318506": ["oreo creme filled biscuits original", "Volume size 128g. Cup price $1.56 / 100g.", "$2.00 each."], "732217": ["edgell beans butter", "Package type Can. Volume size 400g. Cup price $0.55 / 100g.", "$2.20 each."], "273804": ["greggs jelly strawberry", "Package type Box. Volume size 85g. Cup price $1.65 / 100g.", "$1.40 each."], "266689": ["bushells instant coffee refill", "Volume size 100g. Cup price $3.80 / 100g.", "$3.80 each."], "186169": ["continental cup a soup instant soup cream of chicken 75g", "Volume size 4pack. Cup price $4.00 / 100g.", "$3.00 each."], "308172": ["savour japanese wasabi flavoured peas", "Volume size 100g. Cup price $2.60 / 100g.", "$2.60 each."], "265221": ["greggs mixed herbs", "Package type Box. Volume size 15g. Cup price $2.00 / 10g.", "$3.00 each."], "18352": ["watties corn whole kernel", "Package type Can. Volume size 410g. Cup price $0.73 / 100g.", "$3.00 each."], "780101": ["dole pineapple chunks in juice", "Package type Can. Volume size 432g. Cup price $0.65 / 100g.", "$2.80 each."], "659135": ["countdown soup tomato canned", "Volume size 420g. Cup price $0.60 / 100g.", "$2.50 each."], "513586": ["countdown chocolate baking white drops", "Volume size 200g. Cup price $1.40 / 100g.", "$2.80 each."], "250557": ["countdown chocolate biscuits choccy mints", "Volume size 200g. Cup price $1.30 / 100g.", "$2.60 each."], "41154": ["griffins creme filled lemon treats", "Package type Pkt. Volume size 250g. Cup price $1.40 / 100g.", "$3.50 each."], "131557": ["mutti polpa tomatoes chopped with garlic", "Package type Can. Volume size 400g. Cup price $0.65 / 100g.", "$2.60 each."], "568877": ["countdown pineapple crushed in natural juice", "Package type Can. Volume size 425g. Cup price $0.45 / 100g.", "$1.90 each."], "274795": ["sunmaid raisins seedless 168g", "Package type 14g boxes. Volume size 12pack. Cup price $1.96 / 100g.", "$3.30 each."], "642263": ["countdown icing sugar", "Volume size 1kg. Cup price $0.28 / 100g.", "$2.80 each."], "129396": ["golden sun gherkins short & sweet", "Volume size 680g. Cup price $0.51 / 100g.", "$3.50 each."], "384250": ["arnotts jatz crackers original", "Package type Box. Volume size 225g. Cup price $1.11 / 100g.", "$2.50 each."], "671338": ["ace dish brush radial", "Cup price $2.50 / 1ea.", "$2.50 each."], "590411": ["mother energy drink kicked apple", "Package type Single can. Volume size 500mL. Cup price $0.60 / 100mL.", "$3.00 each."], "825168": ["countdown biscuits hundreds & thousands", "Volume size 200g. Cup price $1.25 / 100g.", "$2.50 each."], "27298": ["mckenzie's pearl barley", "Volume size 500g. Cup price $0.44 / 100g.", "$2.20 each."], "819015": ["pascall mixtures fruit bursts", "Volume size 170g. Cup price $2.00 / 100g.", "$3.40 each."], "346835": ["countdown pasta fettuccine", "Volume size 500g. Cup price $0.46 / 100g.", "$2.30 each."], "201372": ["sealord sensations tuna tomato & basil", "Package type Can. Volume size 185g. Cup price $2.00 / 100g.", "$3.70 each."], "17921": ["countdown pears halves in light syrup", "Package type Can 330ml. Volume size 825g. Cup price $0.46 / 100g.", "$3.80 each."], "705785": ["delmaine gherkins baby", "Volume size 670g. Cup price $0.78 / 100g.", "$5.20 each."], "32822": ["masterfoods mustard wholegrain", "Package type Jar. Volume size 175g. Cup price $2.74 / 100g.", "$4.80 each."], "264513": ["powerade sports drink mountain blast", "Volume size 750mL. Cup price $0.53 / 100mL.", "$4.00 each."], "34004": ["essentials tomato paste", "Volume size 500g. Cup price $0.50 / 100g.", "$2.50 each."], "270764": ["golden sun corn whole baby gluten free", "Package type Can. Volume size 425g. Cup price $0.61 / 100g.", "$2.60 each."], "828563": ["hansells all natural soup pho pouch", "Volume size 400g. Cup price $1.05 / 100g.", "$4.20 each."], "270719": ["delmaine tomatoes diced with garlic & olve oil", "Package type Can. Volume size 400g. Cup price $0.75 / 100g.", "$3.00 each."], "198127": ["bluebird originals multipack chips ready salted 108g", "Volume size 6pack. Cup price $3.70 / 100g.", "$4.00 each."], "346830": ["countdown pasta spaghetti", "Volume size 500g. Cup price $0.46 / 100g.", "$2.30 each."], "316761": ["kings choice long grain rice", "Volume size 1kg. Cup price $0.30 / 100g.", "$3.00 each."], "699351": ["countdown beetroot sliced", "Package type Can. Volume size 450g.", "$0.undefined each."], "329812": ["monster energy drink", "Package type Single can. Volume size 500mL. Cup price $0.74 / 100mL.", "$3.70 each."], "337137": ["san remo pasta lasagne sheets wholemeal", "Volume size 250g. Cup price $1.44 / 100g.", "$3.60 each."], "473287": ["countdown sweets pineapple pieces", "Volume size 180g. Cup price $1.39 / 100g.", "$2.50 each."], "231564": ["monster energy drink papillon", "Package type Can. Volume size 500mL. Cup price $0.74 / 100mL.", "$3.70 each."], "327006": ["griffins digestive chocolate biscuits milk chocolate", "Volume size 200g. Cup price $1.50 / 100g.", "$3.00 each."], "268823": ["mono foil refill", "Volume size 9m x 30cm wide. Cup price $0.37 / 1m.", "$3.30 each."], "671458": ["ace cleaning wipes absorbent", "Volume size 2pack. Cup price $1.50 / 1ea.", "$3.00 each."], "263932": ["wattie's peaches sliced in clear fruit juice", "Package type Can. Volume size 410g. Cup price $0.73 / 100g.", "$3.00 each."], "588717": ["countdown mixers diet tonic water", "Volume size 1.5L. Cup price $0.11 / 100mL.", "$1.60 each."], "90260": ["essentials tomato paste", "Volume size 170g. Cup price $0.94 / 100g.", "$1.60 each."], "307938": ["sunlight dishwash liquid apple", "Volume size 500mL. Cup price $0.46 / 100mL.", "$2.30 each."], "644222": ["ninety nine soft drink orange 99% sugar free", "Volume size 1.5L. Cup price $0.09 / 100mL.", "$1.30 each."], "458015": ["countdown chips chicken crinkle cut 180g", "Package type Multipack. Volume size 10pack. Cup price $2.06 / 100g.", "$3.70 each."], "332047": ["arnotts tim tam chocolate biscuits white", "Volume size 165g. Cup price $1.82 / 100g.", "$3.00 each."], "4424": ["watties baked beans", "Volume size 420g. Cup price $0.67 / 100g.", "$2.80 each."], "332724": ["rockstar energy drink tropical guava", "Package type Can. Volume size 500mL. Cup price $0.40 / 100mL.", "$2.00 each."], "278395": ["kleenex tissues soft n thick", "Volume size 120s. Cup price $2.50 / 100ss.", "$3.00 each."], "265363": ["greggs whole cloves", "Package type Box. Volume size 25g. Cup price $1.20 / 10g.", "$3.00 each."], "254928": ["arnotts shapes crackers nacho cheese", "Volume size 160g. Cup price $2.38 / 100g.", "$3.80 each."], "265306": ["greggs ground cloves", "Package type Box. Volume size 40g. Cup price $0.75 / 10g.", "$3.00 each."], "265983": ["watties baked beanz lite", "Volume size 420g. Cup price $0.67 / 100g.", "$2.80 each."], "35103": ["fantastic rice crackers bbq", "Volume size 100g. Cup price $2.40 / 100g.", "$2.40 each."], "266023": ["watties spaghetti in tomato sauce", "Volume size 3pack. Cup price $0.48 / 100g.", "$6.00 each."], "642215": ["countdown caster sugar", "Volume size 1kg. Cup price $0.28 / 100g.", "$2.80 each."], "101980": ["pumped water watermelon", "Volume size 750mL. Cup price $0.36 / 100mL.", "$2.70 each."], "318711": ["countdown cones cornet", "Package type Boxed. Volume size 24pack. Cup price $3.13 / 100g.", "$3.00 each."], "43974": ["san remo pasta spaghetti no. 5", "Volume size 500g. Cup price $0.68 / 100g.", "$3.40 each."], "218894": ["countdown beans cannellini", "Package type Can. Volume size 420g. Cup price $0.40 / 100g.", "$1.70 each."], "173483": ["mother earth wellbeing muesli bars bliss chocolate brownie", "Package type 5pk. Volume size 200g. Cup price $2.45 / 100g.", "$4.90 each."], "674570": ["countdown pancake mix original shaker", "Volume size 350g. Cup price $0.71 / 100g.", "$2.50 each."], "515173": ["arnotts shapes crackers pizza originals", "Volume size 190g. Cup price $2.00 / 100g.", "$3.80 each."], "263989": ["countdown fruit salad in juice", "Package type Can. Volume size 410g. Cup price $0.49 / 100g.", "$2.00 each."], "728012": ["diamond pasta macaroni", "Volume size 500g. Cup price $0.60 / 100g.", "$3.00 each."], "293098": ["mother earth fruit sticks apple & strawberry", "Package type 8pk. Volume size 152g. Cup price $2.30 / 100g.", "$3.50 each."], "412692": ["watties black beans in spring water", "Package type Can. Volume size 400g. Cup price $0.45 / 100g.", "$1.80 each."], "740055": ["palmolive dishwash liquid frangipani", "Volume size 500mL. Cup price $0.80 / 100mL.", "$4.00 each."], "700589": ["macro organic baked beans in tomato sauce", "Package type Can. Volume size 420g. Cup price $0.48 / 100g.", "$2.00 each."], "674571": ["countdown pancake mix buttermilk", "Volume size 350g. Cup price $0.71 / 100g.", "$2.50 each."], "698612": ["monster energy drink mango loco", "Package type Single can. Volume size 500mL. Cup price $0.74 / 100mL.", "$3.70 each."], "97495": ["essentials peaches in syrup", "Package type Can. Volume size 415g. Cup price $0.41 / 100g.", "$1.70 each."], "475124": ["countdown sweets baby fish", "Volume size 180g. Cup price $1.39 / 100g.", "$2.50 each."], "102288": ["countdown muesli bars apricot with youghurt base", "Package type 6pk. Volume size 225g. Cup price $1.33 / 100g.", "$3.00 each."], "268791": ["glad plastic wrap cling", "Package type Refill. Volume size 15m. Cup price $0.17 / 1m.", "$2.49 each."], "39484": ["san remo pasta elbow italian no. 53", "Volume size 500g. Cup price $0.68 / 100g.", "$3.40 each."], "183819": ["healtheries fruit tea peach & mango", "Package type Bags. Volume size 20pack.", "$3.00 each."], "274833": ["dyc malt vinegar", "Package type Btl. Volume size 750mL. Cup price $0.40 / 100mL.", "$3.00 each."], "4894": ["palmolive naturals liquid hand wash aloe vera & chamomile", "Package type Pump. Volume size 250mL. Cup price $1.00 / 100mL.", "$2.50 each."], "315123": ["pumped water berry", "Volume size 750mL. Cup price $0.36 / 100mL.", "$2.70 each."], "373818": ["countdown potatoes whole", "Package type Can. Volume size 410g. Cup price $0.46 / 100g.", "$1.90 each."], "726367": ["countdown sultanas", "Volume size 375g. Cup price $0.93 / 100g.", "$3.50 each."], "484562": ["king soup mix gluten free vegetable", "Package type Pkt. Volume size 210g. Cup price $1.67 / 100g.", "$3.50 each."], "742225": ["powerade zero sports drink berry ice", "Volume size 750mL. Cup price $0.53 / 100mL.", "$4.00 each."], "265414": ["wattie's hearty soup steak canned", "Volume size 535g. Cup price $0.56 / 100g.", "$3.00 each."], "820817": ["countdown sweets milk bottles", "Volume size 200g. Cup price $1.25 / 100g.", "$2.50 each."], "24970": ["rj's mackintosh's toffee deluxe 200g", "Cup price $1.95 / 100g.", "$3.90 each."], "36036": ["arnotts malt biscuits malt o milk", "Volume size 250g. Cup price $1.32 / 100g.", "$3.30 each."], "236999": ["sealord tuna & crackers tomato & basil", "Package type (6 crackers). Volume size 111g. Cup price $2.34 / 100g.", "$2.60 each."], "720425": ["countdown lime juice", "Volume size 250mL. Cup price $0.88 / 100mL.", "$2.20 each."], "36215": ["arnotts chocolate biscuits mint slice", "Volume size 200g. Cup price $1.90 / 100g.", "$3.80 each."], "274822": ["eta coleslaw dressing", "Package type Jar. Volume size 400mL. Cup price $1.03 / 100mL.", "$4.10 each."], "312714": ["griffins meal mates crackers vegetable", "Volume size 230g. Cup price $1.61 / 100g.", "$3.70 each."], "481507": ["countdown water still spring", "Package type Sipper top. Volume size 1.25L. Cup price $0.16 / 100mL.", "$2.00 each."], "644232": ["ninety nine soft drink lemonade 99% sugar free", "Volume size 1.5L. Cup price $0.09 / 100mL.", "$1.30 each."], "265333": ["greggs ground allspice", "Package type Box. Volume size 40g. Cup price $0.75 / 10g.", "$3.00 each."], "221427": ["countdown peaches slices in juice", "Package type Can. Volume size 820g. Cup price $0.46 / 100g.", "$3.80 each."], "265375": ["greggs lemon pepper seasoning", "Package type Pkt. Volume size 65g. Cup price $0.46 / 10g.", "$3.00 each."], "30825": ["campbells real stock beef stock liquid", "Package type Carton. Volume size 1L. Cup price $0.55 / 100mL.", "$5.50 each."], "577073": ["mother earth fruit sticks beetroot apple & berry", "Package type 8pk. Volume size 152g. Cup price $2.30 / 100g.", "$3.50 each."], "838796": ["sunrice thick rice cakes original", "Volume size 150g. Cup price $2.00 / 100g.", "$3.00 each."], "197288": ["arnotts tim tam deluxe chocolate biscuits salted caramel brownie", "Volume size 175g. Cup price $2.74 / 100g.", "$4.80 each."], "36493": ["sun rice long grain rice premium white", "Volume size 1kg. Cup price $0.29 / 100g.", "$2.90 each."], "758412": ["dolmio pasta sauce thick tomato lasagne", "Volume size 505g. Cup price $0.99 / 100g.", "$5.00 each."], "579718": ["pumped water apple flavoured", "Package type Sipper top. Volume size 750mL. Cup price $0.36 / 100mL.", "$2.70 each."], "259399": ["countdown chickpeas no added salt", "Package type Can. Volume size 420g. Cup price $0.40 / 100g.", "$1.70 each."], "699323": ["cuddly fabric softener conditioner sensitive", "Volume size 1L. Cup price $5.00 / 1L.", "$5.00 each."], "184134": ["genevieves balsamic dressing sweet onion", "Volume size 125mL.", "$4.00 each."], "260053": ["gregg's onion powder", "Package type Box. Volume size 30g. Cup price $1.00 / 10g.", "$3.00 each."], "62747": ["fantastic instant noodles cup beef", "Volume size 70g. Cup price $2.86 / 100g.", "$2.00 each."], "6351": ["watties spaghetti in tomato sauce", "Volume size 220g. Cup price $0.86 / 100g.", "$1.90 each."], "757970": ["countdown mangos slices in syrup", "Package type Can. Volume size 425g. Cup price $0.52 / 100g.", "$2.20 each."], "701667": ["macro organic rice milk", "Package type Carton. Volume size 1L. Cup price $3.00 / 1L.", "$3.00 each."], "772091": ["sun harvest gherkins whole", "Volume size 670g. Cup price $0.45 / 100g.", "$3.00 each."], "271161": ["griffins cameo cremes creme filled original", "Package type Pkt. Volume size 250g. Cup price $1.40 / 100g.", "$3.50 each."], "279288": ["wattie's pasta sauce original", "Volume size 420g. Cup price $0.71 / 100g.", "$3.00 each."], "271898": ["sparkling duet soft drink diet lemonade", "Volume size 1.5L. Cup price $0.13 / 100mL.", "$2.00 each."], "663582": ["countdown beans mexican 3 bean no added salt", "Package type Can. Volume size 420g. Cup price $0.40 / 100g.", "$1.70 each."], "195000": ["the natural confectionery co jelly sweets fruity stackers", "Package type Bag. Volume size 220g. Cup price $1.59 / 100g.", "$3.50 each."], "644325": ["ceres organics baked beans rich", "Volume size 420g. Cup price $0.83 / 100g.", "$3.50 each."], "726364": ["countdown raisins", "Volume size 375g. Cup price $0.85 / 100g.", "$3.20 each."], "720424": ["countdown lemon juice", "Volume size 500mL. Cup price $0.72 / 100mL.", "$3.60 each."], "840785": ["dole tropical pineapple slices in juice", "Package type Can. Volume size 227g. Cup price $0.84 / 100g.", "$1.90 each."], "159423": ["king soup mix pumpkin & turmeric", "Package type Pkt. Volume size 210g. Cup price $1.67 / 100g.", "$3.50 each."], "4407": ["watties spaghetti with sausages", "Volume size 420g. Cup price $1.07 / 100g.", "$4.50 each."], "230597": ["mother energy drink razzle berry zero sugar", "Package type Can. Volume size 500mL. Cup price $0.60 / 100mL.", "$3.00 each."], "451180": ["sealord sensations tuna olive oil", "Package type Can. Volume size 185g. Cup price $2.00 / 100g.", "$3.70 each."], "678202": ["mother energy drink passion", "Package type Single can. Volume size 500mL. Cup price $0.60 / 100mL.", "$3.00 each."], "273801": ["greggs jelly raspberry", "Package type Box. Volume size 85g. Cup price $1.65 / 100g.", "$1.40 each."], "31370": ["essentials coconut cream", "Package type Can. Volume size 400mL. Cup price $0.38 / 100mL.", "$1.50 each."], "840899": ["continental sensations pasta & sauce spinach bacon & three cheese", "Volume size 91g. Cup price $5.16 / 100g.", "$4.70 each."], "265151": ["edmonds cornflour fielders", "Package type Box. Volume size 300g. Cup price $0.66 / 100g.", "$1.99 each."], "4408": ["watties spaghetti with meatballs", "Volume size 420g. Cup price $1.07 / 100g.", "$4.50 each."], "753150": ["countdown peaches slices in juice", "Package type Can. Volume size 410g. Cup price $0.49 / 100g.", "$2.00 each."], "681177": ["healtheries herbal tea detox", "Package type Bags. Volume size 20pack.", "$3.00 each."], "475120": ["countdown sweets kiwi party mix", "Volume size 230g. Cup price $1.09 / 100g.", "$2.50 each."], "47681": ["countdown spaghetti tomato sauce", "Volume size 420g. Cup price $0.33 / 100g.", "$1.40 each."], "820268": ["mother energy drink tropical blast", "Package type Single can. Volume size 500mL. Cup price $0.60 / 100mL.", "$3.00 each."], "264799": ["delmaine gherkins whole", "Package type Jar. Volume size 670g. Cup price $0.63 / 100g.", "$4.20 each."], "781400": ["mama san asian sushi rice", "Volume size 1kg. Cup price $0.39 / 100g.", "$3.89 each."], "271452": ["raven dish brush anti bacterial", "Package type Each. Cup price $3.00 / 1ea.", "$3.00 each."], "485436": ["arnotts shapes crackers bbq originals", "Volume size 175g. Cup price $2.17 / 100g.", "$3.80 each."], "172239": ["mrs rogers organic garlic powder", "Volume size 30g. Cup price $1.10 / 10g.", "$3.30 each."], "279301": ["wattie's pasta sauce tomato & herb", "Volume size 420g. Cup price $0.71 / 100g.", "$3.00 each."], "446485": ["maggi favourites recipe base butter chicken", "Volume size 27g. Cup price $7.22 / 100g.", "$1.95 each."], "82418": ["continental sensations instant soup pumpkin & sour cream 70g", "Volume size 2pack. Cup price $5.14 / 100g.", "$3.60 each."], "271718": ["schweppes drink mixers diet indian tonic water", "Volume size 1.5L. Cup price $0.30 / 100mL.", "$4.50 each."], "85266": ["mrs rogers eco pack cumin seeds organic", "Volume size 30g. Cup price $1.10 / 10g.", "$3.30 each."], "270751": ["watties tomatoes italian style", "Package type Can. Volume size 400g. Cup price $0.73 / 100g.", "$2.90 each."], "265340": ["wattie's condensed soup creamy chicken canned", "Volume size 420g. Cup price $0.60 / 100g.", "$2.50 each."], "200247": ["bens original fibre+ microwave rice beans, garlic & brown rice", "Package type Pouch. Volume size 180g. Cup price $1.94 / 100g.", "$3.50 each."], "546615": ["countdown coconut water", "Volume size 1L. Cup price $0.40 / 100mL.", "$4.00 each."], "162204": ["ziploc sandwich bags extra large", "Volume size 30pack. Cup price $0.08 / 1ea.", "$2.50 each."], "828818": ["titan paper towels print", "Volume size 2pack. Cup price $2.50 / 100ss.", "$3.00 each."], "314314": ["griffin's snax crackers sour cream & chives minis", "Volume size 135g. Cup price $1.48 / 100g.", "$2.00 each."], "85044": ["mrs rogers eco pack cinnamon ground organic", "Volume size 30g. Cup price $1.10 / 10g.", "$3.30 each."], "263944": ["watties apricots halves in clear juice", "Package type Can. Volume size 410g. Cup price $0.73 / 100g.", "$3.00 each."], "257411": ["maggi instant gravy mix roast meat", "Package type Sachet. Volume size 27g. Cup price $4.81 / 100g.", "$1.30 each."], "208408": ["essentials coconut cream lite reduced fat", "Package type Can. Volume size 400mL. Cup price $0.38 / 100mL.", "$1.50 each."], "473289": ["countdown sweets aeroplanes", "Volume size 220g. Cup price $1.14 / 100g.", "$2.50 each."], "36031": ["arnotts creme filled monte carlo", "Volume size 250g. Cup price $1.52 / 100g.", "$3.80 each."], "805900": ["nescafe coffee classic espresso", "Volume size 100g. Cup price $7.80 / 100g.", "$7.80 each."], "271725": ["fanta soft drink orange", "Volume size 1.5L. Cup price $0.30 / 100mL.", "$4.50 each."], "818967": ["pascall sweets milkshake", "Volume size 170g. Cup price $2.00 / 100g.", "$3.40 each."], "757679": ["macro organic spaghetti in tomato sauce", "Package type Can. Volume size 420g. Cup price $0.48 / 100g.", "$2.00 each."], "93351": ["campbells real stock beef stock liquid", "Package type Carton. Volume size 500mL. Cup price $0.76 / 100mL.", "$3.80 each."], "630842": ["mayceys mints classic", "Volume size 90g. Cup price $1.78 / 100g.", "$1.60 each."], "513582": ["essentials choc buttons dark", "Volume size 290g. Cup price $0.86 / 100g.", "$2.50 each."], "166227": ["continental cup a soup instant soup chicken, corn & croutons 60g", "Volume size 2pack. Cup price $5.00 / 100g.", "$3.00 each."], "316637": ["griffin's snax crackers cheese & bacon minis", "Volume size 135g. Cup price $1.48 / 100g.", "$2.00 each."], "36013": ["arnotts plain biscuits scotch fingers", "Volume size 250g. Cup price $1.32 / 100g.", "$3.30 each."], "265336": ["king soup mix vegetable", "Package type Pkt. Volume size 210g. Cup price $1.67 / 100g.", "$3.50 each."], "269566": ["diamond rice risotto chicken", "Volume size 200g. Cup price $1.70 / 100g.", "$3.40 each."], "201383": ["sealord sensations tuna lemon pepper", "Package type Can. Volume size 185g. Cup price $2.00 / 100g.", "$3.70 each."], "58970": ["twinings herbal infusions herbal tea peppermint", "Volume size 10pack.", "$2.00 each."], "268797": ["mono baking paper micro", "Package type Box. Volume size 5m x 30cm wide. Cup price $0.70 / 1m.", "$3.49 each."], "647705": ["san remo gluten free brown rice pasta spaghetti", "Volume size 250g. Cup price $2.00 / 100g.", "$5.00 each."], "270246": ["mccoy fruit juice orange", "Volume size 1L. Cup price $0.35 / 100mL.", "$3.50 each."], "290300": ["mutti tomatoes cherry", "Package type Can. Volume size 400g. Cup price $0.68 / 100g.", "$2.70 each."], "312849": ["sun valley foods semolina fine", "Volume size 600g. Cup price $0.53 / 100g.", "$3.19 each."], "334639": ["countdown peppercorns black grinder", "Volume size 50g. Cup price $0.90 / 10g.", "$4.50 each."], "337202": ["griffins cookie bear shrewsbury jam filled", "Package type Pkt. Volume size 195g. Cup price $1.85 / 100g.", "$3.60 each."], "720423": ["countdown lemon juice", "Volume size 250mL. Cup price $0.88 / 100mL.", "$2.20 each."], "39128": ["essentials cornflour", "Volume size 500g. Cup price $3.80 / 1kg.", "$1.90 each."], "270378": ["watties tomato sauce", "Package type Refill. Volume size 575g. Cup price $0.76 / 100g.", "$4.39 each."], "187182": ["monster ultra fiesta energy drink", "Package type Single can. Volume size 500mL. Cup price $0.74 / 100mL.", "$3.70 each."], "271776": ["sparkling duet soft drink lime", "Volume size 1.5L. Cup price $0.13 / 100mL.", "$2.00 each."], "79492": ["kleenex extra care tissues eucalyptus", "Package type Box. Volume size 95pack. Cup price $3.16 / 100ss.", "$3.00 each."], "354718": ["dole fruit salad mix in natural juice", "Package type Can. Volume size 432g. Cup price $0.58 / 100g.", "$2.50 each."], "803888": ["monster energy drink pipeline punch", "Package type Single can. Volume size 500mL. Cup price $0.74 / 100mL.", "$3.70 each."], "56290": ["twinings herbal infusions fruit tea lemon & ginger 15g", "Volume size 10pack.", "$2.00 each."], "481508": ["countdown water still spring", "Package type Sipper top. Volume size 750mL. Cup price $0.17 / 100mL.", "$1.30 each."], "265328": ["maggi soup for a cup instant soup golden pumpkin 78g", "Volume size 4pack. Cup price $3.72 / 100g.", "$2.90 each."], "221667": ["lipton ice tea peach sugar free", "Package type Bottle. Volume size 1.5L. Cup price $0.34 / 100mL.", "$5.05 each."], "265338": ["king soup mix minestrone", "Package type Pkt. Volume size 210g. Cup price $1.67 / 100g.", "$3.50 each."], "85522": ["mrs rogers eco pack fennel seeds organic", "Volume size 26g. Cup price $1.27 / 10g.", "$3.30 each."], "297602": ["bluebird thin cut chips salt & vinegar", "Volume size 140g. Cup price $2.14 / 100g.", "$3.00 each."], "773361": ["tastemaker white vinegar", "Volume size 750mL. Cup price $0.24 / 100mL.", "$1.80 each."], "517081": ["armada sandwich bags", "Volume size 65pack. Cup price $0.07 / 1ea.", "$4.50 each."], "136070": ["kleenex facial tissues pocket packs", "Volume size 6pack x 9 sheet. Cup price $5.56 / 100ss.", "$3.00 each."], "265364": ["maggi soup mushroom", "Package type Pkt. Volume size 37g. Cup price $4.59 / 100g.", "$1.70 each."], "271504": ["raven nail brush clearlite", "Package type Each.", "$4.20 each."], "267390": ["dilmah black tea bags tagless", "Volume size 30pack.", "$2.70 each."], "703375": ["passage to asia japanese teriyaki chicken stirfry sauce", "Volume size 200g. Cup price $2.00 / 100g.", "$4.00 each."], "263926": ["oak apricot halves in light syrup", "Package type Can. Volume size 410g. Cup price $0.44 / 100g.", "$1.79 each."], "36720": ["arnotts creme filled kingston creams", "Volume size 200g. Cup price $1.90 / 100g.", "$3.80 each."], "642210": ["countdown raw sugar", "Volume size 500g. Cup price $0.38 / 100g.", "$1.90 each."], "128952": ["bens original microwave rice basmati", "Package type Pouch. Volume size 250g. Cup price $1.40 / 100g.", "$3.50 each."], "94590": ["glad snaplock plastic bags snack size 150x90mm", "Package type Boxed. Volume size 30pack. Cup price $0.14 / 1ea.", "$4.29 each."], "746171": ["heartland chips southern salt", "Volume size 150g. Cup price $1.93 / 100g.", "$2.90 each."], "346833": ["countdown pasta spirals", "Volume size 500g. Cup price $0.46 / 100g.", "$2.30 each."], "740071": ["countdown coconut shredded", "Volume size 250g. Cup price $1.44 / 100g.", "$3.60 each."], "727658": ["diamond pasta spaghetti wholemeal", "Volume size 500g. Cup price $0.60 / 100g.", "$3.00 each."], "324173": ["tasti fruitsies fruit sticks strawberry vanilla", "Package type 10pk. Volume size 200g. Cup price $2.40 / 100g.", "$4.80 each."], "270717": ["delmaine tomatoes crushed in juice", "Package type Can. Volume size 400g. Cup price $0.50 / 100g.", "$2.00 each."], "31601": ["glad plastic wrap cling", "Package type Dispenser box. Volume size 30m. Cup price $0.17 / 1m.", "$4.99 each."], "820816": ["countdown chocolate choc mix", "Volume size 180g. Cup price $1.39 / 100g.", "$2.50 each."], "759362": ["kleenex tissues aloe vera", "Package type Pocket packs. Volume size 6pack. Cup price $5.56 / 100ss.", "$3.00 each."], "312747": ["huntley & palmers crackers sesameal rosemary & garlic", "Volume size 200g. Cup price $2.15 / 100g.", "$4.30 each."], "720804": ["countdown potato salad dressing", "Volume size 500mL. Cup price $0.70 / 100mL.", "$3.50 each."], "271184": ["griffins biscuits superwine", "Volume size 250g. Cup price $1.44 / 100g.", "$3.60 each."], "123002": ["dettol bar soap citrus fresh", "Package type 100g bars. Volume size 3pack. Cup price $1.33 / 100g.", "$4.00 each."], "305529": ["indomie instant noodles multi pack mi goreng satay", "Package type 80g each. Volume size 5pack. Cup price $1.25 / 100g.", "$5.00 each."], "661788": ["sealord sensations tuna satay", "Package type Can. Volume size 185g. Cup price $2.00 / 100g.", "$3.70 each."], "273747": ["edmonds custard powder", "Package type Box. Volume size 300g. Cup price $1.16 / 100g.", "$3.49 each."], "663581": ["countdown beans black no added salt", "Package type Can. Volume size 420g. Cup price $0.40 / 100g.", "$1.70 each."], "264733": ["golden sun peppers sliced jalapeno gluten free", "Volume size 360g. Cup price $0.83 / 100g.", "$3.00 each."], "200784": ["san remo la pasta pasta & sauce carbonara", "Package type Single snack. Volume size 80g. Cup price $1.63 / 100g.", "$1.30 each."], "381229": ["ceres organics chickpeas garbanzo beans", "Volume size 400g. Cup price $0.63 / 100g.", "$2.50 each."], "293101": ["mother earth fruit sticks apple & raspberry", "Package type 8pk. Volume size 152g. Cup price $2.30 / 100g.", "$3.50 each."], "818972": ["pascall jelly sweets party pack", "Volume size 180g. Cup price $1.89 / 100g.", "$3.40 each."], "265206": ["greggs rubbed sweet basil", "Package type Box. Volume size 10g. Cup price $3.00 / 10g.", "$3.00 each."], "335088": ["macro organic coconut shredded", "Volume size 200g. Cup price $2.20 / 100g.", "$4.40 each."], "574480": ["countdown beetroot sliced no added salt", "Package type Can. Volume size 450g. Cup price $0.42 / 100g.", "$1.90 each."], "83764": ["barilla pasta penne rigate no. 73", "Volume size 500g. Cup price $0.76 / 100g.", "$3.80 each."], "83320": ["mrs rogers eco pack basil organic", "Volume size 10g. Cup price $3.30 / 10g.", "$3.30 each."], "588718": ["countdown mixers soda water", "Volume size 1.5L. Cup price $0.11 / 100mL.", "$1.60 each."], "244754": ["sunrice microwave rice fragrant jasmine", "Package type Pouch. Volume size 250g. Cup price $1.28 / 100g.", "$3.20 each."], "268795": ["glad micro oven bags large 350x500mm", "Volume size 3pack. Cup price $1.16 / 1ea.", "$3.49 each."], "748932": ["countdown mustard mild", "Volume size 250g. Cup price $1.48 / 100g.", "$3.70 each."], "505876": ["balnea hand wash antibacterial lime", "Package type Pump. Volume size 250mL. Cup price $0.96 / 100mL.", "$2.40 each."], "55475": ["rjs licorice smallsorts", "Volume size 180g. Cup price $2.17 / 100g.", "$3.90 each."], "312644": ["huntley & palmers crackers cream", "Volume size 230g. Cup price $1.65 / 100g.", "$3.80 each."], "265283": ["greggs ground nutmeg", "Package type Box. Volume size 40g. Cup price $0.75 / 10g.", "$3.00 each."], "505877": ["balnea hand wash antibacterial original", "Package type Refill. Volume size 250mL. Cup price $0.96 / 100mL.", "$2.40 each."], "17568": ["double phoenix asian vermicelli green bean", "Volume size 250g. Cup price $0.88 / 100g.", "$2.20 each."], "315692": ["v vitalise energy drink", "Package type Single can. Volume size 500mL. Cup price $0.76 / 100mL.", "$3.80 each."], "58895": ["macro organic peeled tomatoes no added salt", "Package type Can. Volume size 400g. Cup price $0.50 / 100g.", "$2.00 each."], "818974": ["pascall mixtures lolly scramble", "Volume size 170g. Cup price $2.00 / 100g.", "$3.40 each."], "201385": ["sealord sensations tuna savoury onion", "Package type Can. Volume size 185g. Cup price $2.00 / 100g.", "$3.70 each."], "229666": ["healtheries herbal tea multivitamin sweet berry", "Package type Bags. Volume size 20pack.", "$3.00 each."], "264748": ["delmaine capers", "Volume size 100g. Cup price $4.30 / 100g.", "$4.30 each."], "808574": ["stagg chili canned dinners pork with dynamite chilli bean", "Volume size 425g. Cup price $0.96 / 100g.", "$4.10 each."], "450651": ["countdown peanuts salted", "Volume size 200g. Cup price $1.00 / 100g.", "$2.00 each."], "265329": ["greggs chopped chives", "Package type Box. Volume size 5g. Cup price $6.00 / 10g.", "$3.00 each."], "265367": ["greggs ground cumin", "Package type Box. Volume size 40g. Cup price $0.75 / 10g.", "$3.00 each."], "197245": ["arnotts tim tam deluxe chocolate biscuits dark choc mint", "Volume size 175g. Cup price $2.74 / 100g.", "$4.80 each."], "568878": ["countdown pineapple sliced in syrup", "Package type Can. Volume size 425g. Cup price $0.45 / 100g.", "$1.90 each."], "79521": ["scotch brite scourer sponge no scratch multi purpose", "Volume size 1pack. Cup price $4.20 / 1ea.", "$4.20 each."], "265354": ["greggs whole poppy seeds", "Package type Box. Volume size 40g. Cup price $0.75 / 10g.", "$3.00 each."], "112438": ["v blue energy drink sugar free", "Package type Single can. Volume size 500mL. Cup price $0.76 / 100mL.", "$3.80 each."], "271191": ["griffins chocolate biscuits wheaten dark", "Package type Pkt. Volume size 200g. Cup price $1.50 / 100g.", "$3.00 each."], "270721": ["delmaine tomatoes diced with fresh basil", "Package type Can. Volume size 400g. Cup price $0.75 / 100g.", "$3.00 each."], "265358": ["greggs rubbed sage", "Package type Box. Volume size 10g. Cup price $3.00 / 10g.", "$3.00 each."], "263943": ["oak oak peach slices in syrup", "Package type Can. Volume size 410g.", "$0.undefined each."], "700640": ["macro organic red kidney beans no added salt", "Package type Can. Volume size 425g. Cup price $0.47 / 100g.", "$2.00 each."], "166893": ["biopak biostraws mixed colour 10mm x 197mm", "Volume size 20pack. Cup price $0.15 / 1ea.", "$3.00 each."], "750903": ["mayceys jelly sweets sour feijoas", "Volume size 85g. Cup price $1.88 / 100g.", "$1.60 each."], "60867": ["tuffy paper towels white 2ply", "Volume size 2pack. Cup price $2.92 / 100ss.", "$3.50 each."], "568872": ["countdown pineapple slices in natural juice", "Package type Can. Volume size 425g. Cup price $0.45 / 100g.", "$1.90 each."], "265288": ["empire curry powder mild indian", "Volume size 100g. Cup price $0.45 / 10g.", "$4.50 each."], "147570": ["homegrown chilled juice probio mango", "Volume size 400mL. Cup price $0.73 / 100mL.", "$2.90 each."], "193613": ["kleenex tissues white", "Package type Box. Volume size 250pack. Cup price $2.00 / 100ss.", "$5.00 each."], "198653": ["bluebird twisties multipack corn snacks cheese 108g", "Volume size 6pack. Cup price $3.70 / 100g.", "$4.00 each."], "131559": ["mutti polpa tomatoes chopped", "Package type Can. Volume size 790g. Cup price $0.57 / 100g.", "$4.50 each."], "824678": ["countdown crackers water cracked pepper", "Volume size 125g. Cup price $1.04 / 100g.", "$1.30 each."], "37530": ["essentials peeled tomatoes whole", "Package type Can. Volume size 400g. Cup price $0.33 / 100g.", "$1.30 each."], "644230": ["ninety nine ginger beer 99% sugar free", "Package type Bottle. Volume size 1.5L. Cup price $0.09 / 100mL.", "$1.30 each."], "4240": ["kings choice jasmine rice long grain", "Package type Pkt. Volume size 1kg. Cup price $0.37 / 100g.", "$3.70 each."], "240687": ["countdown piccalilli", "Volume size 400g. Cup price $0.80 / 100g.", "$3.20 each."], "273811": ["greggs jelly blackberry", "Package type Box. Volume size 85g. Cup price $1.65 / 100g.", "$1.40 each."], "139446": ["bluebird originals chips ready salted", "Volume size 45g. Cup price $4.00 / 100g.", "$1.80 each."], "700635": ["macro organic balsamic vinegar 4 leaf", "Volume size 250mL. Cup price $1.56 / 100mL.", "$3.90 each."], "85326": ["mrs rogers eco pack oregano organic", "Volume size 10g. Cup price $3.30 / 10g.", "$3.30 each."], "265352": ["greggs rubbed parsley", "Package type Box. Volume size 10g. Cup price $3.00 / 10g.", "$3.00 each."], "265365": ["greggs whole black peppercorns", "Package type Box. Volume size 35g. Cup price $0.86 / 10g.", "$3.00 each."], "267488": ["healtheries fruit tea wild berries", "Volume size 20pack.", "$3.00 each."], "46829": ["arnotts chocolate biscuits butternut snap", "Volume size 200g. Cup price $1.90 / 100g.", "$3.80 each."], "87916": ["countdown aioli extreme garlic", "Volume size 250mL. Cup price $1.68 / 100mL.", "$4.20 each."], "196455": ["essentials topping chocolate flavoured", "Package type Bottle. Volume size 600mL. Cup price $0.42 / 100mL.", "$2.50 each."], "45795": ["campbell's country ladle soup butternut pumpkin canned", "Volume size 505g. Cup price $0.69 / 100g.", "$3.50 each."], "820166": ["countdown gherkins green", "Volume size 670g. Cup price $0.43 / 100g.", "$2.90 each."], "270694": ["highmark soy sauce salt reduced", "Volume size 300mL. Cup price $0.97 / 100mL.", "$2.90 each."], "260072": ["gregg's smoked paprika ground", "Package type Box. Volume size 30g. Cup price $1.00 / 10g.", "$3.00 each."], "805902": ["nescafe coffee classic", "Volume size 100g. Cup price $7.80 / 100g.", "$7.80 each."], "451167": ["sealord sensations tuna satay", "Package type Tear tab can. Volume size 95g. Cup price $2.53 / 100g.", "$2.40 each."], "308307": ["kara coconut cream natural", "Package type Carton. Volume size 500mL. Cup price $9.00 / 1L.", "$4.50 each."], "279356": ["wattie's tomato puree for sauces, casseroles, soups", "Volume size 410g. Cup price $0.61 / 100g.", "$2.50 each."], "661397": ["wattie's baked beans 50% less added sugar", "Volume size 420g. Cup price $0.67 / 100g.", "$2.80 each."], "742841": ["watties beetroot sliced", "Package type Can. Volume size 450g.", "$0.undefined each."], "267231": ["healtheries herbal tea bags liquorice", "Volume size 20pack.", "$3.00 each."], "36580": ["continental cup a soup instant soup spring vegetable 60g", "Volume size 4pack. Cup price $5.00 / 100g.", "$3.00 each."], "818966": ["pascall mints minties", "Volume size 170g. Cup price $2.00 / 100g.", "$3.40 each."], "85276": ["mrs rogers eco pack paprika ground organic", "Volume size 35g. Cup price $0.94 / 10g.", "$3.30 each."], "17920": ["countdown pears halves in light syrup", "Package type Can. Volume size 415g. Cup price $0.48 / 100g.", "$2.00 each."], "32928": ["continental cup a soup instant soup hearty beef 55g", "Volume size 4pack. Cup price $5.45 / 100g.", "$3.00 each."], "191892": ["healtheries herbal tea bags rooibos vanilla", "Volume size 20pack.", "$3.00 each."], "215450": ["macro organic pasta spaghetti", "Volume size 500g. Cup price $0.80 / 100g.", "$4.00 each."], "259401": ["countdown beans red kidney no added salt", "Package type Can. Volume size 420g. Cup price $0.40 / 100g.", "$1.70 each."], "263935": ["wattie's fruit salad in clear fruit juice", "Package type Can. Volume size 410g. Cup price $0.73 / 100g.", "$3.00 each."], "310220": ["pearl river soy sauce light", "Volume size 500mL. Cup price $0.72 / 100mL.", "$3.60 each."], "878709": ["surv cups paper blue 270ml", "Volume size 12pack. Cup price $0.29 / 1ea.", "$3.50 each."], "745386": ["countdown pasta large shells", "Volume size 500g. Cup price $0.46 / 100g.", "$2.30 each."], "565701": ["essentials instant coffee granulated", "Volume size 90g. Cup price $3.11 / 100g.", "$2.80 each."], "231284": ["monster sugar free energy drink ultra gold", "Package type Can. Volume size 500mL. Cup price $0.74 / 100mL.", "$3.70 each."], "186775": ["chia sisters brain boost fruit juice blackcurrant", "Volume size 200mL. Cup price $2.25 / 100mL.", "$4.50 each."], "265341": ["greggs ground turmeric", "Package type Box. Volume size 40g. Cup price $0.75 / 10g.", "$3.00 each."], "190900": ["karma drinks chilled juice razza raspberry lemonade", "Package type Can. Volume size 250mL. Cup price $1.16 / 100mL.", "$2.90 each."], "195750": ["san remo pasta curly fettuccine no. 80", "Volume size 500g. Cup price $0.68 / 100g.", "$3.40 each."], "83265": ["mrs rogers eco pack italian herbs organic", "Volume size 10g. Cup price $3.30 / 10g.", "$3.30 each."], "368778": ["countdown mustard wholegrain", "Volume size 190g. Cup price $0.18 / 10g.", "$3.50 each."], "233860": ["arnotts shapes fully loaded crackers flame grilled chicken", "Volume size 130g.", "$0.undefined each."], "348802": ["aeroplane jelly lite crystals mango passionfruit low sugar", "Package type Sachet. Volume size 2 x 9g. Cup price $12.22 / 100g.", "$2.20 each."], "241109": ["aeroplane jelly lite crystals blueberry low sugar", "Package type Sachet. Volume size 2 x 9g. Cup price $12.22 / 100g.", "$2.20 each."], "265326": ["greggs ground chinese five spice", "Package type Box. Volume size 40g. Cup price $0.75 / 10g.", "$3.00 each."], "218926": ["countdown corn sweet kernels", "Package type Can. Volume size 420g. Cup price $0.40 / 100g.", "$1.70 each."], "265199": ["greggs rubbed thyme", "Package type Box. Volume size 15g. Cup price $2.00 / 10g.", "$3.00 each."], "644220": ["ninety nine soft drink cola 99% sugar free", "Volume size 1.5L. Cup price $0.09 / 100mL.", "$1.30 each."], "21196": ["heinz baked beans english recipe", "Volume size 420g. Cup price $0.83 / 100g.", "$3.50 each."], "265258": ["wattie's condensed soup creamy pumpkin canned", "Volume size 420g. Cup price $0.60 / 100g.", "$2.50 each."], "143444": ["active dishwash liquid cucumber & lime", "Volume size 400mL. Cup price $0.80 / 100mL.", "$3.20 each."], "270752": ["watties tomatoes mexican style", "Package type Can. Volume size 400g. Cup price $0.73 / 100g.", "$2.90 each."], "492070": ["countdown corn creamed", "Package type Can. Volume size 400g. Cup price $0.43 / 100g.", "$1.70 each."], "85547": ["mrs rogers eco pack turmeric ground organic", "Volume size 35g. Cup price $0.94 / 10g.", "$3.30 each."], "6345": ["watties spaghetti cheesy", "Volume size 420g. Cup price $0.67 / 100g.", "$2.80 each."], "82828": ["continental sensations instant soup moroccan vegetable medley 68g", "Volume size 2pack. Cup price $5.29 / 100g.", "$3.60 each."], "3246": ["san remo pasta vegeroni shapes", "Volume size 375g. Cup price $0.91 / 100g.", "$3.40 each."], "480195": ["maggi recipe base mild curry sausages", "Volume size 29g. Cup price $6.72 / 100g.", "$1.95 each."], "34290": ["campbell's soup cream of mushroom canned", "Volume size 420g. Cup price $0.79 / 100g.", "$3.30 each."], "9526": ["griffins creme filled melting moments", "Package type Pkt. Volume size 250g. Cup price $1.40 / 100g.", "$3.50 each."], "228642": ["dettol antibacterial liquid hand wash aloe vera and vitamin e", "Package type Refill. Volume size 500mL. Cup price $0.94 / 100mL.", "$4.69 each."], "792124": ["NZ natural sparkling water mandarin & passionfruit", "Volume size 1L. Cup price $0.20 / 100mL.", "$2.00 each."], "200977": ["sealord sensations salmon light chilli", "Package type Can. Volume size 85g. Cup price $3.06 / 100g.", "$2.60 each."], "335760": ["griffins malt biscuits", "Volume size 250g. Cup price $1.44 / 100g.", "$3.60 each."], "805901": ["nescafe coffee classic fine blend", "Volume size 100g. Cup price $7.80 / 100g.", "$7.80 each."], "265149": ["edmonds baking powder", "Package type Box. Volume size 400g. Cup price $1.25 / 100g.", "$4.99 each."], "218893": ["countdown beans butter", "Package type Can. Volume size 420g. Cup price $0.40 / 100g.", "$1.70 each."], "304867": ["watties boysenberries in syrup", "Package type Can. Volume size 425g. Cup price $1.04 / 100g.", "$4.40 each."], "700602": ["sniks pork crackle crunch", "Volume size 45g. Cup price $7.11 / 100g.", "$3.20 each."], "725497": ["mono magic foil non stick", "Volume size 5m. Cup price $0.60 / 1m.", "$2.99 each."], "671306": ["ace scourer mesh non scratch", "Volume size 2pack. Cup price $1.80 / 1ea.", "$3.60 each."], "802823": ["NZ natural sparkling water lime", "Volume size 1L. Cup price $0.20 / 100mL.", "$2.00 each."], "270399": ["colmans mustard original english", "Volume size 170g. Cup price $2.65 / 100g.", "$4.50 each."], "252253": ["barilla pasta pipe rigate no. 91", "Volume size 500g. Cup price $0.76 / 100g.", "$3.80 each."], "221492": ["tilda steamed rice katsu curry", "Package type Pouch. Volume size 250g. Cup price $1.20 / 100g.", "$3.00 each."], "30856": ["campbells real stock vegetable stock liquid", "Package type Carton. Volume size 1L. Cup price $0.55 / 100mL.", "$5.50 each."], "251189": ["essentials baking soda bicarbonate", "Volume size 500g. Cup price $0.60 / 100g.", "$2.99 each."], "265339": ["greggs ground mixed spice", "Package type Box. Volume size 30g. Cup price $1.00 / 10g.", "$3.00 each."], "229961": ["v sugar free energy drink refresh pineapple & watermelon", "Package type Can. Volume size 500mL. Cup price $7.60 / 1L.", "$3.80 each."], "344550": ["mutti tomatoes finely chopped", "Package type Can. Volume size 400g. Cup price $0.60 / 100g.", "$2.40 each."], "204611": ["trident instant rice noodles single vietnamese style beef flavour", "Volume size 55g. Cup price $3.09 / 100g.", "$1.70 each."], "293068": ["mother earth oaty slices oat bars anzac", "Package type 6pk. Volume size 240g. Cup price $1.63 / 100g.", "$3.90 each."], "240692": ["countdown pickle mustard", "Volume size 400g. Cup price $0.80 / 100g.", "$3.20 each."], "68346": ["macro organic pasta spirals wholemeal", "Volume size 500g. Cup price $0.80 / 100g.", "$4.00 each."], "274768": ["eta avocado & garlic dressing", "Volume size 250mL. Cup price $1.52 / 100mL.", "$3.80 each."], "172422": ["mrs rogers organic curry powder", "Volume size 30g. Cup price $1.10 / 10g.", "$3.30 each."], "358615": ["hansells baking powder", "Volume size 150g. Cup price $1.87 / 100g.", "$2.80 each."], "259037": ["gregg's garlic powder", "Package type Box. Volume size 30g. Cup price $1.00 / 10g.", "$3.00 each."], "473288": ["countdown sweets marshmallows", "Volume size 220g. Cup price $1.14 / 100g.", "$2.50 each."], "10305": ["san remo pasta trivelle", "Volume size 500g. Cup price $0.68 / 100g.", "$3.40 each."], "264745": ["cerebos chow chow", "Package type Jar. Volume size 400g. Cup price $1.03 / 100g.", "$4.10 each."], "1129": ["countdown fruit salad in light syrup", "Package type Can. Volume size 825g. Cup price $0.46 / 100g.", "$3.80 each."], "147733": ["dollar sweets large patty pans assorted", "Volume size 100pack.", "$3.20 each."], "772337": ["healtheries sleep herbal tea with chamomile & blackcurrant", "Volume size 20pack.", "$3.00 each."], "339317": ["pg tips tea bags 220g", "Volume size 100pack.", "$5.00 each."], "479087": ["maggi recipe base mediterranean meatballs", "Volume size 38g. Cup price $5.13 / 100g.", "$1.95 each."], "780507": ["sun harvest pickled onions", "Volume size 400g. Cup price $0.95 / 100g.", "$3.80 each."], "505881": ["balnea hand wash antibacterial lime", "Package type Refill. Volume size 750mL. Cup price $0.53 / 100mL.", "$4.00 each."], "265372": ["greggs ground garam masala", "Volume size 35g. Cup price $0.86 / 10g.", "$3.00 each."], "172432": ["mrs rogers organic onion powder", "Volume size 30g. Cup price $1.10 / 10g.", "$3.30 each."], "381680": ["mountain dew soft drink live wire", "Volume size 1.5L. Cup price $0.23 / 100mL.", "$3.50 each."], "321647": ["cerebos natural coarse sea salt", "Volume size 500g. Cup price $0.04 / 10g.", "$2.00 each."], "558373": ["ob finest gluten free wafers original", "Volume size 100g. Cup price $2.90 / 100g.", "$2.90 each."], "80788": ["continental sensations instant soup cauliflower & cheese 62g", "Volume size 2pack. Cup price $5.81 / 100g.", "$3.60 each."], "45931": ["campbell's country ladle soup farmhouse vegetable canned", "Volume size 495g. Cup price $0.71 / 100g.", "$3.50 each."], "265331": ["greggs garlic granules", "Package type Box. Volume size 45g. Cup price $0.67 / 10g.", "$3.00 each."], "54157": ["continental cup a soup instant soup hearty italian minestrone 75g", "Volume size 2pack. Cup price $4.00 / 100g.", "$3.00 each."], "171621": ["mrs rogers eco pack organic tarragon", "Volume size 7g. Cup price $4.71 / 10g.", "$3.30 each."], "32787": ["masterfoods mustard hot english", "Package type Jar. Volume size 175g. Cup price $2.74 / 100g.", "$4.80 each."], "36721": ["aeroplane jelly lite crystals raspberry low sugar", "Package type Sachet. Volume size 2 x 9g. Cup price $12.22 / 100g.", "$2.20 each."], "265335": ["greggs ground cayenne pepper", "Package type Box. Volume size 40g. Cup price $0.75 / 10g.", "$3.00 each."], "750326": ["hansells all natural soup chicken & corn pouch", "Volume size 400g. Cup price $1.05 / 100g.", "$4.20 each."], "45777": ["campbell's country ladle soup minestrone canned", "Volume size 495g. Cup price $0.71 / 100g.", "$3.50 each."], "267227": ["healtheries chai tea bags vanilla", "Volume size 20pack.", "$3.00 each."], "95268": ["essentials pasta macaroni", "Volume size 500g. Cup price $0.40 / 100g.", "$2.00 each."], "267327": ["sun valley foods bread crumbs wholegrain", "Volume size 400g. Cup price $0.08 / 10g.", "$3.00 each."], "233940": ["arnotts shapes fully loaded crackers ultimate cheese", "Volume size 130g.", "$0.undefined each."], "742382": ["ecostore dishwash liquid fragrance free", "Volume size 500mL. Cup price $1.00 / 100mL.", "$5.00 each."], "172534": ["mrs rogers eco pack ground coriander organic", "Volume size 30g. Cup price $1.10 / 10g.", "$3.30 each."], "264754": ["fragata capers spanish", "Package type Jar. Volume size 99g. Cup price $3.84 / 100g.", "$3.80 each."], "273835": ["countdown creamed rice vanilla", "Package type Can. Volume size 420g. Cup price $0.45 / 100g.", "$1.90 each."], "567738": ["countdown aioli", "Volume size 250mL. Cup price $1.68 / 100mL.", "$4.20 each."], "724887": ["palmolive foaming hand wash raspberry", "Package type Pump. Volume size 250mL. Cup price $1.92 / 100mL.", "$4.79 each."], "32077": ["homebrand ironing aid", "Volume size 400g. Cup price $10.00 / 1kg.", "$4.00 each."], "171430": ["mrs rogers eco pack organic marjoram", "Volume size 10g.", "$0.undefined each."], "752585": ["mtr indian dal fry", "Volume size 300g. Cup price $1.27 / 100g.", "$3.80 each."], "234457": ["arnotts shapes fully loaded crackers sizzling metalovers", "Volume size 130g.", "$0.undefined each."], "305224": ["lipton ice tea peach", "Package type Bottle. Volume size 1.5L. Cup price $0.34 / 100mL.", "$5.05 each."], "16923": ["hot wheels vehicles basic die cast assorted", null, "$3.00 each."], "772566": ["edgell beans red kidney no added salt", "Package type Can. Volume size 400g. Cup price $0.55 / 100g.", "$2.20 each."], "230475": ["countdown worcester sauce", "Volume size 250mL. Cup price $1.12 / 100mL.", "$2.80 each."], "64018": ["armada kitchen tidy bags large", "Package type Roll. Volume size 30pack. Cup price $0.11 / 1ea.", "$3.20 each."], "268002": ["protex antibacterial bar soap gentle sensitive skin", "Package type Bar. Volume size 90g. Cup price $2.21 / 100g.", "$1.99 each."], "671516": ["ace cleaning wipes extra large", "Volume size 5pack. Cup price $0.92 / 1ea.", "$4.60 each."], "425948": ["dilmah green tea bags string and tag", "Volume size 20pack.", "$4.00 each."], "228637": ["dettol liquid antibacterial hand wash aloe vera and vitamin e", "Package type Pump. Volume size 250mL. Cup price $1.52 / 100mL.", "$3.79 each."], "272767": ["ecostore dishwash liquid lemon", "Volume size 500mL. Cup price $1.00 / 100mL.", "$5.00 each."], "720977": ["abc soy sauce sweet", "Volume size 275mL. Cup price $0.83 / 100mL.", "$2.29 each."], "85442": ["mrs rogers eco pack mustard powder organic", "Volume size 30g. Cup price $1.10 / 10g.", "$3.30 each."], "98549": ["san remo pasta curls no. 27", "Volume size 500g. Cup price $0.68 / 100g.", "$3.40 each."], "274853": ["eta ranch dressing", "Package type Btl. Volume size 250mL. Cup price $1.52 / 100mL.", "$3.80 each."], "558775": ["glad snaplock storage bags medium", "Volume size 20pack. Cup price $0.18 / 1ea.", "$3.69 each."], "225912": ["dove soap bar regular", "Volume size 2x90g.", "$0.undefined each."], "68343": ["macro organic pasta spaghetti wholemeal", "Volume size 500g. Cup price $0.80 / 100g.", "$4.00 each."], "274825": ["eta potato salad dressing", "Package type Jar. Volume size 400mL. Cup price $1.03 / 100mL.", "$4.10 each."], "307071": ["chux cleaning cloth absorbent all purpose", "Volume size 2pack. Cup price $1.70 / 1ea.", "$3.40 each."], "671296": ["ace scourer", "Volume size 6pack. Cup price $0.58 / 1ea.", "$3.50 each."], "87914": ["countdown tartare sauce", "Volume size 250mL. Cup price $1.68 / 100mL.", "$4.20 each."], "85297": ["mrs rogers eco pack cloves whole organic", "Volume size 15g. Cup price $2.20 / 10g.", "$3.30 each."], "823932": ["red seal fruit tea lemon & ginger hot and cold brew", "Volume size 20pack.", "$4.50 each."], "157068": ["protex antibacterial bar soap NZ manuka honey", "Package type Bar. Volume size 90g. Cup price $2.21 / 100g.", "$1.99 each."], "85047": ["mrs rogers eco pack premium mixed herbs organic", "Volume size 12g. Cup price $2.75 / 10g.", "$3.30 each."], "565830": ["countdown tinned apples fruit pie slices", "Package type Can. Volume size 385g. Cup price $0.60 / 100g.", "$2.30 each."], "245580": ["campbell's soup chunky potato & bacon canned", "Volume size 505g. Cup price $0.69 / 100g.", "$3.50 each."], "265320": ["greggs ground coriander", "Package type Box. Volume size 30g. Cup price $1.00 / 10g.", "$3.00 each."], "663583": ["macro organic 4 bean mix no added salt", "Package type Can. Volume size 420g. Cup price $0.48 / 100g.", "$2.00 each."], "887995": ["countdown salt sea grinder", "Volume size 110g. Cup price $0.36 / 10g.", "$4.00 each."], "176829": ["bens original microwave rice coconut chilli & lemongrass", "Package type Pouch. Volume size 250g. Cup price $1.40 / 100g.", "$3.50 each."], "944096": ["pumped water mango", "Package type Sipper top. Volume size 750mL. Cup price $0.36 / 100mL.", "$2.70 each."], "684034": ["macro organic coconut milk", "Package type Tear tab can. Volume size 400mL. Cup price $0.75 / 100mL.", "$3.00 each."], "761571": ["bell special blend kenya bold black tea bags", "Volume size 24pack.", "$2.70 each."], "258051": ["campbells real stock mushroom stock liquid", "Package type Carton. Volume size 1L. Cup price $0.55 / 100mL.", "$5.50 each."], "296159": ["dilmah english breakfast tea bags decaf", "Volume size 20pack.", "$4.00 each."], "744052": ["essentials container rectangle reusable 300ml", "Volume size 4pack. Cup price $0.95 / 1ea.", "$3.80 each."], "521258": ["choice instant noodles multi pack beef", "Package type 85g each. Volume size 5pack. Cup price $0.66 / 100g.", "$2.80 each."], "33890": ["nesquik milk mixes strawberry", "Package type Can. Volume size 250g. Cup price $1.44 / 100g.", "$3.60 each."], "26338": ["dixon rubber bands cellopack", "Volume size 30g.", "$4.20 each."], "200981": ["sealord sensations smoked flavour canned salmon", "Package type Can. Volume size 85g. Cup price $3.06 / 100g.", "$2.60 each."], "727950": ["diamond pasta penne wholemeal", "Volume size 500g. Cup price $0.60 / 100g.", "$3.00 each."], "155139": ["sealord spreadables tuna spread garlic aioli", "Package type Tear tab can. Volume size 90g. Cup price $2.67 / 100g.", "$2.40 each."], "159656": ["chux scourer heavy duty pads", "Volume size 3pack. Cup price $1.27 / 1ea.", "$3.80 each."], "280043": ["rj\u2019s oddfellows strong mints", "Volume size 200g. Cup price $1.95 / 100g.", "$3.90 each."], "240688": ["countdown chow chow", "Volume size 400g. Cup price $0.80 / 100g.", "$3.20 each."], "267473": ["dilmah green tea tea bags with jasmine petals", "Package type Bags. Volume size 20pack.", "$4.00 each."], "229400": ["obento vinegar rice wine", "Volume size 250mL. Cup price $1.20 / 100mL.", "$3.00 each."], "264805": ["delmaine gherkins long sliced", "Volume size 480g. Cup price $0.88 / 100g.", "$4.20 each."], "256484": ["powerade sports drink strawberry & lemon", "Volume size 750mL.", "$0.undefined each."], "807075": ["lee kum kee dumpling sauce", "Volume size 207mL. Cup price $1.93 / 100mL.", "$4.00 each."], "138929": ["bluebird originals chips salt & vinegar", "Volume size 45g. Cup price $4.00 / 100g.", "$1.80 each."], "569110": ["countdown pineapple crushed in syrup", "Package type Can. Volume size 425g. Cup price $0.45 / 100g.", "$1.90 each."], "314153": ["arnotts shapes crackers fully loaded epic garlic bread", "Volume size 130g. Cup price $2.92 / 100g.", "$3.80 each."], "40303": ["watties tomatoes savoury", "Package type Can. Volume size 400g. Cup price $0.73 / 100g.", "$2.90 each."], "527329": ["countdown soy sauce", "Volume size 500mL. Cup price $0.66 / 100mL.", "$3.30 each."], "85299": ["mrs rogers eco pack chilli flakes organic", "Volume size 20g. Cup price $1.65 / 10g.", "$3.30 each."], "475126": ["countdown sweets sour mix", "Volume size 220g. Cup price $1.14 / 100g.", "$2.50 each."], "274848": ["eta balsamic vinaigrette", "Volume size 250mL. Cup price $1.52 / 100mL.", "$3.80 each."], "273815": ["greggs jelly lime", "Package type Box. Volume size 85g. Cup price $1.65 / 100g.", "$1.40 each."], "824734": ["armada plastic bags snack", "Volume size 50pack. Cup price $0.07 / 1ea.", "$3.40 each."], "381227": ["ceres organics beans black", "Volume size 400g. Cup price $0.63 / 100g.", "$2.50 each."], "647706": ["san remo gluten free brown rice pasta spirals", "Volume size 250g. Cup price $2.00 / 100g.", "$5.00 each."], "343834": ["greggs whole coriander seeds", "Volume size 21g. Cup price $1.43 / 10g.", "$3.00 each."], "622611": ["kiwi serviettes lunch blue 2ply", "Volume size 50pack. Cup price $2.59 / 1ea.", "$2.59 each."], "267482": ["healtheries fruit tea blackcurrant & apple", "Volume size 20pack.", "$3.00 each."], "93383": ["barilla pasta fusilli no. 98", "Volume size 500g. Cup price $0.76 / 100g.", "$3.80 each."], "271572": ["tilda steamed rice mexican chilli & bean basmati", "Package type Pouch. Volume size 250g. Cup price $1.20 / 100g.", "$3.00 each."], "644369": ["divella pasta polenta", "Volume size 500g. Cup price $0.70 / 100g.", "$3.50 each."], "335677": ["fantastic dried noodles thin", "Volume size 360g. Cup price $0.97 / 100g.", "$3.50 each."], "240465": ["aeroplane jelly lite crystals watermelon low sugar", "Package type Sachet. Volume size 2 x 9g. Cup price $12.22 / 100g.", "$2.20 each."], "273791": ["jj wafers raspberry", "Volume size 100g. Cup price $1.90 / 100g.", "$1.90 each."], "128248": ["greggs whole black smoky peppercorns", "Volume size 30g.", "$0.undefined each."], "346206": ["countdown ranch dressing", "Volume size 300mL. Cup price $1.20 / 100mL.", "$3.60 each."], "268814": ["glad plastic wrap cling mini", "Package type Box. Volume size 15m. Cup price $0.16 / 1m.", "$2.40 each."], "325881": ["palmolive antibacterial liquid hand wash odour neutralising lime", "Package type Pump. Volume size 250mL. Cup price $1.00 / 100mL.", "$2.50 each."], "197154": ["rj\u2019s oddfellows spearmints", "Volume size 200g. Cup price $1.95 / 100g.", "$3.90 each."], "576286": ["dilmah ginger & peppermint tea bags fruit & herbal tea infusion", "Volume size 20pack.", "$4.20 each."], "215449": ["macro organic pasta shells", "Volume size 500g. Cup price $0.80 / 100g.", "$4.00 each."], "6092": ["aeroplane jelly original lime", "Volume size 85g. Cup price $1.47 / 100g.", "$1.25 each."], "175030": ["karma drinks karma cola organic", "Package type Single can. Volume size 250mL. Cup price $1.16 / 100mL.", "$2.90 each."], "846488": ["countdown coleslaw dressing", "Volume size 290mL. Cup price $1.24 / 100mL.", "$3.60 each."], "85430": ["mrs rogers eco pack minced onion organic", "Volume size 20g. Cup price $1.65 / 10g.", "$3.30 each."], "162670": ["bell delights flavoured black tea bags chai spiced", "Volume size 24pack.", "$3.80 each."], "671337": ["ace dish brush 2 in 1", "Cup price $3.70 / 1ea.", "$3.70 each."], "221092": ["kashish brown basmati rice", "Volume size 750g. Cup price $0.48 / 100g.", "$3.60 each."], "265311": ["wattie's soup for one soup creamy tomato canned", "Volume size 300g. Cup price $1.07 / 100g.", "$3.20 each."], "500851": ["palmolive foaming hand wash japanese cherry blossom", "Package type Pump. Volume size 250mL. Cup price $1.92 / 100mL.", "$4.79 each."], "270239": ["sealord tuna chunk style in oil", "Package type Can. Volume size 185g. Cup price $2.00 / 100g.", "$3.70 each."], "218869": ["countdown beans green sliced", "Package type Can. Volume size 410g. Cup price $0.61 / 100g.", "$2.50 each."], "417499": ["super mi instant noodles multi pack mi goreng bbq chicken", "Package type 85g each. Volume size 5pack. Cup price $0.94 / 100g.", "$4.00 each."], "267561": ["sunrice microwave rice indian basmati", "Package type Pouch. Volume size 250g. Cup price $1.28 / 100g.", "$3.20 each."], "270778": ["watties tomatoes indian style", "Package type Can. Volume size 400g. Cup price $0.73 / 100g.", "$2.90 each."], "273829": ["sun valley foods sago dessert", "Volume size 500g. Cup price $0.70 / 100g.", "$3.49 each."], "267492": ["healtheries herbal tea chamomile", "Package type Bags. Volume size 20pack.", "$3.00 each."], "156850": ["sealord spreadables tuna spread smokey mayonnaise", "Package type Tear tab can. Volume size 90g. Cup price $2.67 / 100g.", "$2.40 each."], "238001": ["ritz cracker bites sour cream & onion", "Volume size 160g. Cup price $2.50 / 100g.", "$4.00 each."], "215448": ["macro organic pasta penne", "Volume size 500g. Cup price $0.80 / 100g.", "$4.00 each."], "579717": ["maggi side dish potato bake sour cream & chives", "Volume size 21g. Cup price $9.29 / 100g.", "$1.95 each."], "33888": ["nesquik milk mixes chocolate", "Package type Can. Volume size 250g. Cup price $1.44 / 100g.", "$3.60 each."], "157093": ["scotch brite scourer heavy duty", "Volume size 3pack. Cup price $1.30 / 1ea.", "$3.90 each."], "622559": ["kiwi serviettes lunch green 2ply", "Volume size 50pack. Cup price $2.59 / 1ea.", "$2.59 each."], "171700": ["mrs rogers eco pack organic coriander leaves", "Volume size 7g.", "$0.undefined each."], "743071": ["macro organic pasta fettuccine", "Volume size 500g. Cup price $0.80 / 100g.", "$4.00 each."], "85314": ["mrs rogers eco pack ginger ground organic", "Volume size 30g. Cup price $1.10 / 10g.", "$3.30 each."], "266588": ["greggs granulated instant coffee decaf roast", "Package type Refill. Volume size 75g. Cup price $11.07 / 100g.", "$8.30 each."], "230946": ["continental classics pasta & sauce bacon carbonara", "Volume size 85g. Cup price $4.47 / 100g.", "$3.80 each."], "749857": ["campbells real stock fish stock liquid", "Package type Carton. Volume size 500mL. Cup price $0.76 / 100mL.", "$3.80 each."], "254421": ["countdown passionfruit pulp in syrup", "Package type Can. Volume size 170g. Cup price $1.24 / 100g.", "$2.10 each."], "157056": ["scotch brite scouring pads non scratch", "Volume size 3pack. Cup price $1.30 / 1ea.", "$3.90 each."], "77498": ["barilla pasta farfalle no. 65", "Volume size 500g. Cup price $0.76 / 100g.", "$3.80 each."], "316652": ["bikano aloo bhujia", "Volume size 150g. Cup price $2.00 / 100g.", "$3.00 each."], "249574": ["massel vegetable stock liquid", "Volume size 1L. Cup price $0.42 / 100mL.", "$4.20 each."], "94700": ["essentials peas dehydrated", "Package type Packet. Volume size 100g. Cup price $2.20 / 100g.", "$2.20 each."], "671455": ["ace gloves medium", "Package type Twin pk.", "$4.50 each."], "126978": ["greggs onion flakes", "Package type Box. Volume size 20g. Cup price $1.50 / 10g.", "$3.00 each."], "34094": ["edgell corn creamed", "Package type Can. Volume size 420g. Cup price $0.71 / 100g.", "$3.00 each."], "647730": ["san remo pasta penne brown rice gluten free", "Volume size 250g. Cup price $2.00 / 100g.", "$5.00 each."], "85325": ["mrs rogers eco pack celery seeds organic", "Volume size 28g. Cup price $1.18 / 10g.", "$3.30 each."], "171649": ["mrs rogers eco pack mint organic", "Volume size 10g. Cup price $3.30 / 10g.", "$3.30 each."], "126593": ["natures charm banana blossom in brine", "Package type Can. Volume size 510g. Cup price $0.67 / 100g.", "$3.40 each."], "296602": ["greggs whole pickling spice", "Volume size 25g.", "$0.undefined each."], "84686": ["mrs rogers eco pack mustard seeds organic", "Volume size 40g. Cup price $0.83 / 10g.", "$3.30 each."], "85515": ["mrs rogers eco pack juniper berries organic", "Volume size 20g.", "$0.undefined each."], "353960": ["delmaine beans black in chilli sauce", "Package type Can. Volume size 390g. Cup price $0.97 / 100g.", "$3.80 each."], "76068": ["whiz pop bang glow sword", "Cup price $2.70 / 1ea.", "$2.70 each."], "8441": ["healtheries herbal tea immunity with vitamin c", "Volume size 20pack.", "$3.00 each."], "8452": ["healtheries herbal tea digestion with probiotics", "Volume size 20pack.", "$3.00 each."], "32257": ["arnotts tim tam chocolate biscuits double coat", "Volume size 200g. Cup price $1.50 / 100g.", "$3.00 each."], "62735": ["fantastic instant noodles cup chicken", "Volume size 70g. Cup price $2.86 / 100g.", "$2.00 each."], "150885": ["hi-chew sweets tropical mix", "Volume size 100g. Cup price $2.40 / 100g.", "$2.40 each."], "164566": ["nice & natural nut bar chocolate salted caramel", "Package type 6pk. Volume size 180g. Cup price $1.33 / 100g.", "$2.40 each."], "187157": ["greggs tomato sauce", "Package type Refill. Volume size 570g. Cup price $0.68 / 100g.", "$3.90 each."], "191774": ["healtheries green tea pure", "Volume size 20pack.", "$3.00 each."], "204613": ["trident instant rice noodles single vietnamese chicken flavour", "Volume size 55g. Cup price $3.09 / 100g.", "$1.70 each."], "212840": ["vitasoy soy milky soy milk regular", "Package type Carton. Volume size 1L. Cup price $3.00 / 1L.", "$3.00 each."], "236767": ["sealord tuna & crackers lemon pepper", "Package type (6 crackers). Volume size 111g. Cup price $2.34 / 100g.", "$2.60 each."], "262125": ["healtheries sleep herbal tea with chamomile & passionflower", "Volume size 20pack.", "$3.00 each."], "266800": ["special blend granulated instant coffee", "Volume size 90g. Cup price $2.78 / 100g.", "$2.50 each."], "267485": ["healtheries fruit tea lemon & ginger", "Volume size 20pack.", "$3.00 each."], "268571": ["wheelies creme filled chocolate 240g", "Volume size 8pack. Cup price $1.25 / 100g.", "$3.00 each."], "268812": ["glad snaplock plastic bags storage 26cmx38cm", "Volume size 15pack. Cup price $0.23 / 1ea.", "$3.39 each."], "269527": ["high mark crispy noodles chicken flavour", "Volume size 140g. Cup price $1.43 / 100g.", "$2.00 each."], "269759": ["meadow fresh milk lite reduced fat uht", "Package type Carton. Volume size 1L. Cup price $3.30 / 1L.", "$3.30 each."], "270432": ["highmark soy sauce dark", "Volume size 550mL. Cup price $0.65 / 100mL.", "$3.60 each."], "271991": ["ceres organics tomatoes organic chopped", "Volume size 400g. Cup price $0.63 / 100g.", "$2.50 each."], "293067": ["mother earth oaty slices oat bars apricot chocolate", "Package type 6pk. Volume size 240g. Cup price $1.63 / 100g.", "$3.90 each."], "356673": ["mtr indian dal makhani", "Volume size 300g. Cup price $1.27 / 100g.", "$3.80 each."], "381220": ["ceres organics beans red kidney", "Volume size 400g. Cup price $0.63 / 100g.", "$2.50 each."], "709510": ["protex antibacterial bar soap aloe extract value pack", "Package type 90g bars. Volume size 3pack x 90g. Cup price $1.48 / 100g.", "$4.00 each."], "730791": ["griffin's muesli bars hundreds & thousands", "Package type 6pk. Volume size 180g. Cup price $1.33 / 100g.", "$2.40 each."], "772073": ["sun harvest gherkins sandwich stackers", "Volume size 670g. Cup price $0.45 / 100g.", "$3.00 each."], "772354": ["healtheries fruit tea superfruits", "Volume size 20pack.", "$3.00 each."], "782516": ["bluebird rashuns corn snacks cheese & bacon", "Volume size 120g. Cup price $1.17 / 100g.", "$1.40 each."], "782551": ["bluebird twisties corn snacks cheese", "Volume size 120g. Cup price $1.17 / 100g.", "$1.40 each."], "801487": ["homegrown chilled juice orange", "Package type Single bottle. Volume size 400mL. Cup price $0.73 / 100mL.", "$2.90 each."], "816095": ["pringles chips minis sour cream & onion 95g", "Package type Multipack. Volume size 5pack. Cup price $3.16 / 100g.", "$3.00 each."], "266801": ["special blend powdered instant coffee", "Volume size 90g. Cup price $2.78 / 100g.", "$2.50 each."], "267483": ["healtheries fruit tea cranberry & apple", "Volume size 20pack.", "$3.00 each."], "793855": ["healtheries herbal tea chamomile lemon & honey", "Volume size 20pack.", "$3.00 each."], "79502": ["kleenex extra care tissues aloe vera", "Package type Box. Volume size 95pack. Cup price $3.16 / 100ss.", "$3.00 each."], "175271": ["good sh*t ginger pre+biotic soda", "Package type Single can. Volume size 330mL.", "$0.undefined each."], "163936": ["palmolive naturals liquid hand wash milk & honey", "Package type Pump. Volume size 250mL. Cup price $1.00 / 100mL.", "$2.50 each."], "267493": ["healtheries sleep herbal tea with chamomile & peppermint", "Volume size 20pack.", "$3.00 each."], "267424": ["healtheries fruit tea pomegranate with orange peel", "Volume size 20pack.", "$3.00 each."], "311231": ["rockstar refresh energy drink summer fruits", "Package type Single can. Volume size 500mL. Cup price $0.40 / 100mL.", "$2.00 each."], "782515": ["bluebird burger rings corn snacks full on flavour", "Volume size 120g. Cup price $1.17 / 100g.", "$1.40 each."], "237365": ["sealord tuna & crackers smoked flavour", "Package type (6 crackers). Volume size 111g. Cup price $2.34 / 100g.", "$2.60 each."], "63313": ["trident instant noodles multi pack hot and spicy thai", "Package type 85g each. Volume size 4pack. Cup price $1.18 / 100g.", "$4.00 each."], "237375": ["sealord tuna & crackers thai chilli", "Package type (6 crackers). Volume size 111g. Cup price $2.34 / 100g.", "$2.60 each."], "262110": ["healtheries energise herbal tea ginseng with superfruits", "Volume size 20pack.", "$3.00 each."], "681178": ["healtheries herbal tea turmeric", "Package type Bags. Volume size 20pack.", "$3.00 each."]}